%YAML 1.1
%TAG !u! tag:unity3d.com,2011:
--- !u!29 &1
OcclusionCullingSettings:
  m_ObjectHideFlags: 0
  serializedVersion: 2
  m_OcclusionBakeSettings:
    smallestOccluder: 5
    smallestHole: 0.25
    backfaceThreshold: 100
  m_SceneGUID: 00000000000000000000000000000000
  m_OcclusionCullingData: {fileID: 0}
--- !u!104 &2
RenderSettings:
  m_ObjectHideFlags: 0
  serializedVersion: 8
  m_Fog: 0
  m_FogColor: {r: 0.5, g: 0.5, b: 0.5, a: 1}
  m_FogMode: 3
  m_FogDensity: 0.01
  m_LinearFogStart: 0
  m_LinearFogEnd: 300
  m_AmbientSkyColor: {r: 0.212, g: 0.227, b: 0.259, a: 1}
  m_AmbientEquatorColor: {r: 0.114, g: 0.125, b: 0.133, a: 1}
  m_AmbientGroundColor: {r: 0.047, g: 0.043, b: 0.035, a: 1}
  m_AmbientIntensity: 1
  m_AmbientMode: 0
  m_SubtractiveShadowColor: {r: 0.42, g: 0.478, b: 0.627, a: 1}
  m_SkyboxMaterial: {fileID: 10304, guid: 0000000000000000f000000000000000, type: 0}
  m_HaloStrength: 0.5
  m_FlareStrength: 1
  m_FlareFadeSpeed: 3
  m_HaloTexture: {fileID: 0}
  m_SpotCookie: {fileID: 10001, guid: 0000000000000000e000000000000000, type: 0}
  m_DefaultReflectionMode: 0
  m_DefaultReflectionResolution: 128
  m_ReflectionBounces: 1
  m_ReflectionIntensity: 1
  m_CustomReflection: {fileID: 0}
  m_Sun: {fileID: 0}
  m_IndirectSpecularColor: {r: 0.44657844, g: 0.49641222, b: 0.57481694, a: 1}
--- !u!157 &3
LightmapSettings:
  m_ObjectHideFlags: 0
  serializedVersion: 11
  m_GIWorkflowMode: 0
  m_GISettings:
    serializedVersion: 2
    m_BounceScale: 1
    m_IndirectOutputScale: 1
    m_AlbedoBoost: 1
    m_TemporalCoherenceThreshold: 1
    m_EnvironmentLightingMode: 0
    m_EnableBakedLightmaps: 1
    m_EnableRealtimeLightmaps: 1
  m_LightmapEditorSettings:
    serializedVersion: 9
    m_Resolution: 2
    m_BakeResolution: 40
    m_TextureWidth: 1024
    m_TextureHeight: 1024
    m_AO: 0
    m_AOMaxDistance: 1
    m_CompAOExponent: 1
    m_CompAOExponentDirect: 0
    m_Padding: 2
    m_LightmapParameters: {fileID: 0}
    m_LightmapsBakeMode: 1
    m_TextureCompression: 1
    m_FinalGather: 0
    m_FinalGatherFiltering: 1
    m_FinalGatherRayCount: 256
    m_ReflectionCompression: 2
    m_MixedBakeMode: 2
    m_BakeBackend: 0
    m_PVRSampling: 1
    m_PVRDirectSampleCount: 32
    m_PVRSampleCount: 500
    m_PVRBounces: 2
    m_PVRFilterTypeDirect: 0
    m_PVRFilterTypeIndirect: 0
    m_PVRFilterTypeAO: 0
    m_PVRFilteringMode: 1
    m_PVRCulling: 1
    m_PVRFilteringGaussRadiusDirect: 1
    m_PVRFilteringGaussRadiusIndirect: 5
    m_PVRFilteringGaussRadiusAO: 2
    m_PVRFilteringAtrousPositionSigmaDirect: 0.5
    m_PVRFilteringAtrousPositionSigmaIndirect: 2
    m_PVRFilteringAtrousPositionSigmaAO: 1
    m_ShowResolutionOverlay: 1
  m_LightingDataAsset: {fileID: 0}
  m_UseShadowmask: 1
--- !u!196 &4
NavMeshSettings:
  serializedVersion: 2
  m_ObjectHideFlags: 0
  m_BuildSettings:
    serializedVersion: 2
    agentTypeID: 0
    agentRadius: 0.5
    agentHeight: 2
    agentSlope: 45
    agentClimb: 0.4
    ledgeDropHeight: 0
    maxJumpAcrossDistance: 0
    minRegionArea: 2
    manualCellSize: 0
    cellSize: 0.16666667
    manualTileSize: 0
    tileSize: 256
    accuratePlacement: 0
    debug:
      m_Flags: 0
  m_NavMeshData: {fileID: 23800000, guid: 025ad45b83508f3448be52605ab3d40c, type: 2}
--- !u!1 &30668811
GameObject:
  m_ObjectHideFlags: 0
  m_PrefabParentObject: {fileID: 1590219687309076, guid: c02ac80dce9cc1e498fad0fb4864ba02,
    type: 2}
  m_PrefabInternal: {fileID: 0}
  serializedVersion: 5
  m_Component:
  - component: {fileID: 30668830}
  - component: {fileID: 30668829}
  - component: {fileID: 30668828}
  - component: {fileID: 368931160}
  - component: {fileID: 30668827}
  - component: {fileID: 30668826}
  - component: {fileID: 30668825}
  - component: {fileID: 30668824}
  - component: {fileID: 30668823}
  - component: {fileID: 30668822}
  - component: {fileID: 30668821}
  - component: {fileID: 30668820}
  - component: {fileID: 30668819}
  - component: {fileID: 30668818}
  - component: {fileID: 30668817}
  - component: {fileID: 30668816}
  - component: {fileID: 30668815}
  - component: {fileID: 30668814}
  - component: {fileID: 30668813}
  - component: {fileID: 30668831}
  - component: {fileID: 30668812}
  - component: {fileID: 30668832}
  m_Layer: 0
  m_Name: MeleeUnit
  m_TagString: Untagged
  m_Icon: {fileID: 0}
  m_NavMeshLayer: 0
  m_StaticEditorFlags: 0
  m_IsActive: 1
--- !u!195 &30668812
NavMeshAgent:
  m_ObjectHideFlags: 0
  m_PrefabParentObject: {fileID: 195970181735950232, guid: c02ac80dce9cc1e498fad0fb4864ba02,
    type: 2}
  m_PrefabInternal: {fileID: 0}
  m_GameObject: {fileID: 30668811}
  m_Enabled: 1
  m_AgentTypeID: 0
  m_Radius: 0.5
  m_Speed: 3
  m_Acceleration: 8
  avoidancePriority: 50
  m_AngularSpeed: 120
  m_StoppingDistance: 2.2
  m_AutoTraverseOffMeshLink: 1
  m_AutoBraking: 1
  m_AutoRepath: 1
  m_Height: 2
  m_BaseOffset: 1
  m_WalkableMask: 4294967295
  m_ObstacleAvoidanceType: 3
--- !u!114 &30668813
MonoBehaviour:
  m_ObjectHideFlags: 0
  m_PrefabParentObject: {fileID: 114090893833128348, guid: c02ac80dce9cc1e498fad0fb4864ba02,
    type: 2}
  m_PrefabInternal: {fileID: 0}
  m_GameObject: {fileID: 30668811}
  m_Enabled: 1
  m_EditorHideFlags: 0
  m_Script: {fileID: 11500000, guid: 9037832d8cc2faa428876a039e76477c, type: 3}
  m_Name: 
  m_EditorClassIdentifier: 
  value: 0
--- !u!114 &30668814
MonoBehaviour:
  m_ObjectHideFlags: 0
  m_PrefabParentObject: {fileID: 114222215899289222, guid: c02ac80dce9cc1e498fad0fb4864ba02,
    type: 2}
  m_PrefabInternal: {fileID: 0}
  m_GameObject: {fileID: 30668811}
  m_Enabled: 1
  m_EditorHideFlags: 0
  m_Script: {fileID: 11500000, guid: 7cea6a555c320eb429245f0953082bcd, type: 3}
  m_Name: 
  m_EditorClassIdentifier: 
  value:
    classification: 0
    signifiganceOfClassifiation: 1
--- !u!114 &30668815
MonoBehaviour:
  m_ObjectHideFlags: 0
  m_PrefabParentObject: {fileID: 114574567517815770, guid: c02ac80dce9cc1e498fad0fb4864ba02,
    type: 2}
  m_PrefabInternal: {fileID: 0}
  m_GameObject: {fileID: 30668811}
  m_Enabled: 1
  m_EditorHideFlags: 0
  m_Script: {fileID: 11500000, guid: 168f6afeff7f7584985ef35e4ca57a23, type: 3}
  m_Name: 
  m_EditorClassIdentifier: 
  value: 12
--- !u!114 &30668816
MonoBehaviour:
  m_ObjectHideFlags: 0
  m_PrefabParentObject: {fileID: 114647783754682596, guid: c02ac80dce9cc1e498fad0fb4864ba02,
    type: 2}
  m_PrefabInternal: {fileID: 0}
  m_GameObject: {fileID: 30668811}
  m_Enabled: 1
  m_EditorHideFlags: 0
  m_Script: {fileID: 11500000, guid: a6f3edcc21a11dd499c4f52144d64b3e, type: 3}
  m_Name: 
  m_EditorClassIdentifier: 
  value: 625
--- !u!114 &30668817
MonoBehaviour:
  m_ObjectHideFlags: 0
  m_PrefabParentObject: {fileID: 114093220312254572, guid: c02ac80dce9cc1e498fad0fb4864ba02,
    type: 2}
  m_PrefabInternal: {fileID: 0}
  m_GameObject: {fileID: 30668811}
  m_Enabled: 1
  m_EditorHideFlags: 0
  m_Script: {fileID: 11500000, guid: 6cd248b37f8d0f845af52a1a1de670f4, type: 3}
  m_Name: 
  m_EditorClassIdentifier: 
  value: 0
--- !u!114 &30668818
MonoBehaviour:
  m_ObjectHideFlags: 0
  m_PrefabParentObject: {fileID: 114574724956044922, guid: c02ac80dce9cc1e498fad0fb4864ba02,
    type: 2}
  m_PrefabInternal: {fileID: 0}
  m_GameObject: {fileID: 30668811}
  m_Enabled: 1
  m_EditorHideFlags: 0
  m_Script: {fileID: 11500000, guid: 4ca5c5616f7cddc408fd60d295072294, type: 3}
  m_Name: 
  m_EditorClassIdentifier: 
  value: 720
--- !u!114 &30668819
MonoBehaviour:
  m_ObjectHideFlags: 0
  m_PrefabParentObject: {fileID: 114408834620558952, guid: c02ac80dce9cc1e498fad0fb4864ba02,
    type: 2}
  m_PrefabInternal: {fileID: 0}
  m_GameObject: {fileID: 30668811}
  m_Enabled: 1
  m_EditorHideFlags: 0
  m_Script: {fileID: 11500000, guid: 2e275775df8fae44d9b1d3951c230c04, type: 3}
  m_Name: 
  m_EditorClassIdentifier: 
  value: 10
--- !u!114 &30668820
MonoBehaviour:
  m_ObjectHideFlags: 0
  m_PrefabParentObject: {fileID: 114469230959693940, guid: c02ac80dce9cc1e498fad0fb4864ba02,
    type: 2}
  m_PrefabInternal: {fileID: 0}
  m_GameObject: {fileID: 30668811}
  m_Enabled: 1
  m_EditorHideFlags: 0
  m_Script: {fileID: 11500000, guid: 47594a5da522a874687f8670919dfb0b, type: 3}
  m_Name: 
  m_EditorClassIdentifier: 
  value: 0
--- !u!114 &30668821
MonoBehaviour:
  m_ObjectHideFlags: 0
  m_PrefabParentObject: {fileID: 114795017475650700, guid: c02ac80dce9cc1e498fad0fb4864ba02,
    type: 2}
  m_PrefabInternal: {fileID: 0}
  m_GameObject: {fileID: 30668811}
  m_Enabled: 1
  m_EditorHideFlags: 0
  m_Script: {fileID: 11500000, guid: cf7e801f82e12b445ab752496ac5c286, type: 3}
  m_Name: 
  m_EditorClassIdentifier: 
  value: 3
--- !u!114 &30668822
MonoBehaviour:
  m_ObjectHideFlags: 0
  m_PrefabParentObject: {fileID: 114167721953062022, guid: c02ac80dce9cc1e498fad0fb4864ba02,
    type: 2}
  m_PrefabInternal: {fileID: 0}
  m_GameObject: {fileID: 30668811}
  m_Enabled: 1
  m_EditorHideFlags: 0
  m_Script: {fileID: 11500000, guid: 8e94b5527fe655d46ac6343671c9b60c, type: 3}
  m_Name: 
  m_EditorClassIdentifier: 
  unitProperties: []
  propertyCount: 10
--- !u!114 &30668823
MonoBehaviour:
  m_ObjectHideFlags: 0
  m_PrefabParentObject: {fileID: 114843102610983278, guid: c02ac80dce9cc1e498fad0fb4864ba02,
    type: 2}
  m_PrefabInternal: {fileID: 0}
  m_GameObject: {fileID: 30668811}
  m_Enabled: 1
  m_EditorHideFlags: 0
  m_Script: {fileID: 11500000, guid: fbeca762945b78640910854d42628df9, type: 3}
  m_Name: 
  m_EditorClassIdentifier: 
  activeUnitStates:
  - {fileID: 11400000, guid: c522e6b9dbbf3dd4c8eef91fc3f212b8, type: 2}
  unit: {fileID: 368931160}
  unitStateProperty: {fileID: 30668832}
  bountyProperty: {fileID: 30668815}
  hpProperty: {fileID: 30668819}
--- !u!114 &30668824
MonoBehaviour:
  m_ObjectHideFlags: 0
  m_PrefabParentObject: {fileID: 114563525245542948, guid: c02ac80dce9cc1e498fad0fb4864ba02,
    type: 2}
  m_PrefabInternal: {fileID: 0}
  m_GameObject: {fileID: 30668811}
  m_Enabled: 1
  m_EditorHideFlags: 0
  m_Script: {fileID: 11500000, guid: 3ffeb17490309254b9b930c7db933514, type: 3}
  m_Name: 
  m_EditorClassIdentifier: 
  activeUnitStates:
  - {fileID: 11400000, guid: c522e6b9dbbf3dd4c8eef91fc3f212b8, type: 2}
  unit: {fileID: 368931160}
  unitStateProperty: {fileID: 30668832}
  range: 2.5
  minDamage: 20
  maxDamage: 43
  animationScripts:
  - {fileID: 1129778852}
  aggroProperty: {fileID: 30668813}
  RechargeTime: 1
--- !u!114 &30668825
MonoBehaviour:
  m_ObjectHideFlags: 0
  m_PrefabParentObject: {fileID: 114197793660641842, guid: c02ac80dce9cc1e498fad0fb4864ba02,
    type: 2}
  m_PrefabInternal: {fileID: 0}
  m_GameObject: {fileID: 30668811}
  m_Enabled: 1
  m_EditorHideFlags: 0
  m_Script: {fileID: 11500000, guid: c631e538526e9d84bb6adb8ee4533ffb, type: 3}
  m_Name: 
  m_EditorClassIdentifier: 
  activeUnitStates:
  - {fileID: 11400000, guid: c522e6b9dbbf3dd4c8eef91fc3f212b8, type: 2}
  unit: {fileID: 368931160}
  unitStateProperty: {fileID: 30668832}
  DetectedEnemies: []
  priorityList:
  - classification: 0
    signifiganceOfClassifiation: 10
--- !u!114 &30668826
MonoBehaviour:
  m_ObjectHideFlags: 0
  m_PrefabParentObject: {fileID: 114186672943820236, guid: c02ac80dce9cc1e498fad0fb4864ba02,
    type: 2}
  m_PrefabInternal: {fileID: 0}
  m_GameObject: {fileID: 30668811}
  m_Enabled: 0
  m_EditorHideFlags: 0
  m_Script: {fileID: 11500000, guid: bf86dd7f96c9d804ea78d58b0f98a832, type: 3}
  m_Name: 
  m_EditorClassIdentifier: 
  activeUnitStates:
  - {fileID: 11400000, guid: c522e6b9dbbf3dd4c8eef91fc3f212b8, type: 2}
  unit: {fileID: 368931160}
  unitStateProperty: {fileID: 30668832}
  agent: {fileID: 30668812}
  minimumDistance: 2.2
  trackingUnit: {fileID: 0}
  movementSpeedProperty: {fileID: 30668821}
--- !u!114 &30668827
MonoBehaviour:
  m_ObjectHideFlags: 0
  m_PrefabParentObject: {fileID: 114380997847649658, guid: c02ac80dce9cc1e498fad0fb4864ba02,
    type: 2}
  m_PrefabInternal: {fileID: 0}
  m_GameObject: {fileID: 30668811}
  m_Enabled: 1
  m_EditorHideFlags: 0
  m_Script: {fileID: 11500000, guid: 98655bbd8ba29c845a69e7167483d68a, type: 3}
  m_Name: 
  m_EditorClassIdentifier: 
  unitBehaviours:
  - {fileID: 30668826}
  - {fileID: 30668825}
  - {fileID: 30668824}
  - {fileID: 30668823}
  - {fileID: 30668831}
--- !u!65 &30668828
BoxCollider:
  m_ObjectHideFlags: 0
  m_PrefabParentObject: {fileID: 65807424529848750, guid: c02ac80dce9cc1e498fad0fb4864ba02,
    type: 2}
  m_PrefabInternal: {fileID: 0}
  m_GameObject: {fileID: 30668811}
  m_Material: {fileID: 0}
  m_IsTrigger: 0
  m_Enabled: 1
  serializedVersion: 2
  m_Size: {x: 1, y: 2, z: 1}
  m_Center: {x: 0, y: 0, z: 0}
--- !u!54 &30668829
Rigidbody:
  m_ObjectHideFlags: 0
  m_PrefabParentObject: {fileID: 54157273822616116, guid: c02ac80dce9cc1e498fad0fb4864ba02,
    type: 2}
  m_PrefabInternal: {fileID: 0}
  m_GameObject: {fileID: 30668811}
  serializedVersion: 2
  m_Mass: 1
  m_Drag: 0
  m_AngularDrag: 0.05
  m_UseGravity: 1
  m_IsKinematic: 0
  m_Interpolate: 0
  m_Constraints: 112
  m_CollisionDetection: 0
--- !u!4 &30668830
Transform:
  m_ObjectHideFlags: 0
  m_PrefabParentObject: {fileID: 4970884598863378, guid: c02ac80dce9cc1e498fad0fb4864ba02,
    type: 2}
  m_PrefabInternal: {fileID: 0}
  m_GameObject: {fileID: 30668811}
  m_LocalRotation: {x: 0, y: 0, z: 0, w: 1}
  m_LocalPosition: {x: 0, y: 1.15, z: 0}
  m_LocalScale: {x: 1, y: 1, z: 1}
  m_Children:
  - {fileID: 1186291303}
  - {fileID: 2004029744}
  m_Father: {fileID: 0}
  m_RootOrder: 1
  m_LocalEulerAnglesHint: {x: 0, y: 0, z: 0}
--- !u!114 &30668831
MonoBehaviour:
  m_ObjectHideFlags: 0
  m_PrefabParentObject: {fileID: 0}
  m_PrefabInternal: {fileID: 0}
  m_GameObject: {fileID: 30668811}
  m_Enabled: 1
  m_EditorHideFlags: 0
  m_Script: {fileID: 11500000, guid: aa08556983a76e54680a4d87ba781d34, type: 3}
  m_Name: 
  m_EditorClassIdentifier: 
  activeUnitStates:
  - {fileID: 11400000, guid: c522e6b9dbbf3dd4c8eef91fc3f212b8, type: 2}
  unit: {fileID: 368931160}
  unitStateProperty: {fileID: 30668832}
--- !u!114 &30668832
MonoBehaviour:
  m_ObjectHideFlags: 0
  m_PrefabParentObject: {fileID: 0}
  m_PrefabInternal: {fileID: 0}
  m_GameObject: {fileID: 30668811}
  m_Enabled: 1
  m_EditorHideFlags: 0
  m_Script: {fileID: 11500000, guid: bab7f95e12f1825458c60c5bcaad0cc9, type: 3}
  m_Name: 
  m_EditorClassIdentifier: 
  value: {fileID: 11400000, guid: c522e6b9dbbf3dd4c8eef91fc3f212b8, type: 2}
--- !u!1 &132751179
GameObject:
  m_ObjectHideFlags: 0
  m_PrefabParentObject: {fileID: 1400749637590188, guid: 3b8c7f55ed1490945af66f3eadf24039,
    type: 2}
  m_PrefabInternal: {fileID: 0}
  serializedVersion: 5
  m_Component:
  - component: {fileID: 132751180}
  - component: {fileID: 132751182}
  - component: {fileID: 132751181}
  m_Layer: 0
  m_Name: Eye
  m_TagString: Untagged
  m_Icon: {fileID: 0}
  m_NavMeshLayer: 0
  m_StaticEditorFlags: 0
  m_IsActive: 1
--- !u!4 &132751180
Transform:
  m_ObjectHideFlags: 0
  m_PrefabParentObject: {fileID: 4769121861688818, guid: 3b8c7f55ed1490945af66f3eadf24039,
    type: 2}
  m_PrefabInternal: {fileID: 0}
  m_GameObject: {fileID: 132751179}
  m_LocalRotation: {x: 0, y: 0, z: 0, w: 1}
  m_LocalPosition: {x: -0.24, y: 0.64, z: 0.45}
  m_LocalScale: {x: 0.3, y: 0.3, z: 0.3}
  m_Children: []
  m_Father: {fileID: 473650054}
  m_RootOrder: 1
  m_LocalEulerAnglesHint: {x: 0, y: 0, z: 0}
--- !u!23 &132751181
MeshRenderer:
  m_ObjectHideFlags: 0
  m_PrefabParentObject: {fileID: 23196609969847178, guid: 3b8c7f55ed1490945af66f3eadf24039,
    type: 2}
  m_PrefabInternal: {fileID: 0}
  m_GameObject: {fileID: 132751179}
  m_Enabled: 1
  m_CastShadows: 1
  m_ReceiveShadows: 1
  m_DynamicOccludee: 1
  m_MotionVectors: 1
  m_LightProbeUsage: 1
  m_ReflectionProbeUsage: 1
  m_Materials:
  - {fileID: 2100000, guid: 66da64d584f695945beef9e6415189d9, type: 2}
  m_StaticBatchInfo:
    firstSubMesh: 0
    subMeshCount: 0
  m_StaticBatchRoot: {fileID: 0}
  m_ProbeAnchor: {fileID: 0}
  m_LightProbeVolumeOverride: {fileID: 0}
  m_ScaleInLightmap: 1
  m_PreserveUVs: 1
  m_IgnoreNormalsForChartDetection: 0
  m_ImportantGI: 0
  m_StitchLightmapSeams: 0
  m_SelectedEditorRenderState: 3
  m_MinimumChartSize: 4
  m_AutoUVMaxDistance: 0.5
  m_AutoUVMaxAngle: 89
  m_LightmapParameters: {fileID: 0}
  m_SortingLayerID: 0
  m_SortingLayer: 0
  m_SortingOrder: 0
--- !u!33 &132751182
MeshFilter:
  m_ObjectHideFlags: 0
  m_PrefabParentObject: {fileID: 33467202639679404, guid: 3b8c7f55ed1490945af66f3eadf24039,
    type: 2}
  m_PrefabInternal: {fileID: 0}
  m_GameObject: {fileID: 132751179}
  m_Mesh: {fileID: 10207, guid: 0000000000000000e000000000000000, type: 0}
--- !u!1 &140345391
GameObject:
  m_ObjectHideFlags: 0
  m_PrefabParentObject: {fileID: 1757197623479936, guid: c02ac80dce9cc1e498fad0fb4864ba02,
    type: 2}
  m_PrefabInternal: {fileID: 0}
  serializedVersion: 5
  m_Component:
  - component: {fileID: 140345392}
  - component: {fileID: 140345394}
  - component: {fileID: 140345393}
  m_Layer: 0
  m_Name: Cube (3)
  m_TagString: Untagged
  m_Icon: {fileID: 0}
  m_NavMeshLayer: 0
  m_StaticEditorFlags: 0
  m_IsActive: 1
--- !u!4 &140345392
Transform:
  m_ObjectHideFlags: 0
  m_PrefabParentObject: {fileID: 4006308128960244, guid: c02ac80dce9cc1e498fad0fb4864ba02,
    type: 2}
  m_PrefabInternal: {fileID: 0}
  m_GameObject: {fileID: 140345391}
  m_LocalRotation: {x: 0, y: 0, z: 0, w: 1}
  m_LocalPosition: {x: -0.000000059605, y: -0.06, z: 0.0000017285}
  m_LocalScale: {x: 0.10216966, y: 0.17057648, z: 0.0946848}
  m_Children: []
  m_Father: {fileID: 1129778854}
  m_RootOrder: 2
  m_LocalEulerAnglesHint: {x: 0, y: 0, z: 0}
--- !u!23 &140345393
MeshRenderer:
  m_ObjectHideFlags: 0
  m_PrefabParentObject: {fileID: 23616298951863096, guid: c02ac80dce9cc1e498fad0fb4864ba02,
    type: 2}
  m_PrefabInternal: {fileID: 0}
  m_GameObject: {fileID: 140345391}
  m_Enabled: 1
  m_CastShadows: 1
  m_ReceiveShadows: 1
  m_DynamicOccludee: 1
  m_MotionVectors: 1
  m_LightProbeUsage: 1
  m_ReflectionProbeUsage: 1
  m_Materials:
  - {fileID: 2100000, guid: f2701c710ea06a94a8aebc9333dcce65, type: 2}
  m_StaticBatchInfo:
    firstSubMesh: 0
    subMeshCount: 0
  m_StaticBatchRoot: {fileID: 0}
  m_ProbeAnchor: {fileID: 0}
  m_LightProbeVolumeOverride: {fileID: 0}
  m_ScaleInLightmap: 1
  m_PreserveUVs: 1
  m_IgnoreNormalsForChartDetection: 0
  m_ImportantGI: 0
  m_StitchLightmapSeams: 0
  m_SelectedEditorRenderState: 3
  m_MinimumChartSize: 4
  m_AutoUVMaxDistance: 0.5
  m_AutoUVMaxAngle: 89
  m_LightmapParameters: {fileID: 0}
  m_SortingLayerID: 0
  m_SortingLayer: 0
  m_SortingOrder: 0
--- !u!33 &140345394
MeshFilter:
  m_ObjectHideFlags: 0
  m_PrefabParentObject: {fileID: 33977862647940546, guid: c02ac80dce9cc1e498fad0fb4864ba02,
    type: 2}
  m_PrefabInternal: {fileID: 0}
  m_GameObject: {fileID: 140345391}
  m_Mesh: {fileID: 10202, guid: 0000000000000000e000000000000000, type: 0}
--- !u!1 &271338571
GameObject:
  m_ObjectHideFlags: 0
  m_PrefabParentObject: {fileID: 1912268421135328, guid: 3b8c7f55ed1490945af66f3eadf24039,
    type: 2}
  m_PrefabInternal: {fileID: 0}
  serializedVersion: 5
  m_Component:
  - component: {fileID: 271338572}
  - component: {fileID: 271338575}
  - component: {fileID: 271338574}
  - component: {fileID: 271338573}
  m_Layer: 0
  m_Name: HP_bar_Gray
  m_TagString: Untagged
  m_Icon: {fileID: 0}
  m_NavMeshLayer: 0
  m_StaticEditorFlags: 0
  m_IsActive: 1
--- !u!224 &271338572
RectTransform:
  m_ObjectHideFlags: 0
  m_PrefabParentObject: {fileID: 224510873906118678, guid: 3b8c7f55ed1490945af66f3eadf24039,
    type: 2}
  m_PrefabInternal: {fileID: 0}
  m_GameObject: {fileID: 271338571}
  m_LocalRotation: {x: -0, y: -0, z: -0, w: 1}
  m_LocalPosition: {x: 0, y: 0, z: 0}
  m_LocalScale: {x: 3, y: 3, z: 1}
  m_Children: []
  m_Father: {fileID: 533960416}
  m_RootOrder: 0
  m_LocalEulerAnglesHint: {x: 0, y: 0, z: 0}
  m_AnchorMin: {x: 0, y: 0}
  m_AnchorMax: {x: 1, y: 1}
  m_AnchoredPosition: {x: 0, y: 0}
  m_SizeDelta: {x: 0, y: 0}
  m_Pivot: {x: 0.5, y: 0.5}
--- !u!114 &271338573
MonoBehaviour:
  m_ObjectHideFlags: 0
  m_PrefabParentObject: {fileID: 114703400043235176, guid: 3b8c7f55ed1490945af66f3eadf24039,
    type: 2}
  m_PrefabInternal: {fileID: 0}
  m_GameObject: {fileID: 271338571}
  m_Enabled: 1
  m_EditorHideFlags: 0
  m_Script: {fileID: -900027084, guid: f70555f144d8491a825f0804e09c671c, type: 3}
  m_Name: 
  m_EditorClassIdentifier: 
  m_EffectColor: {r: 0, g: 0, b: 0, a: 1}
  m_EffectDistance: {x: 0.1, y: 0.1}
  m_UseGraphicAlpha: 0
--- !u!114 &271338574
MonoBehaviour:
  m_ObjectHideFlags: 0
  m_PrefabParentObject: {fileID: 114820376952633908, guid: 3b8c7f55ed1490945af66f3eadf24039,
    type: 2}
  m_PrefabInternal: {fileID: 0}
  m_GameObject: {fileID: 271338571}
  m_Enabled: 1
  m_EditorHideFlags: 0
  m_Script: {fileID: -765806418, guid: f5f67c52d1564df4a8936ccd202a3bd8, type: 3}
  m_Name: 
  m_EditorClassIdentifier: 
  m_Material: {fileID: 0}
  m_Color: {r: 0.38927338, g: 0.4830211, b: 0.5294118, a: 1}
  m_RaycastTarget: 1
  m_OnCullStateChanged:
    m_PersistentCalls:
      m_Calls: []
    m_TypeName: UnityEngine.UI.MaskableGraphic+CullStateChangedEvent, UnityEngine.UI,
      Version=1.0.0.0, Culture=neutral, PublicKeyToken=null
  m_Sprite: {fileID: 21300000, guid: 298d3dc7d7c1034459fa20ef37ccfc1d, type: 3}
  m_Type: 3
  m_PreserveAspect: 0
  m_FillCenter: 1
  m_FillMethod: 0
  m_FillAmount: 1
  m_FillClockwise: 1
  m_FillOrigin: 0
--- !u!222 &271338575
CanvasRenderer:
  m_ObjectHideFlags: 0
  m_PrefabParentObject: {fileID: 222744848367980712, guid: 3b8c7f55ed1490945af66f3eadf24039,
    type: 2}
  m_PrefabInternal: {fileID: 0}
  m_GameObject: {fileID: 271338571}
--- !u!1 &292129365
GameObject:
  m_ObjectHideFlags: 0
  m_PrefabParentObject: {fileID: 1547067977338634, guid: 3b8c7f55ed1490945af66f3eadf24039,
    type: 2}
  m_PrefabInternal: {fileID: 0}
  serializedVersion: 5
  m_Component:
  - component: {fileID: 292129366}
  - component: {fileID: 292129368}
  - component: {fileID: 292129367}
  m_Layer: 0
  m_Name: Sphere
  m_TagString: Untagged
  m_Icon: {fileID: 0}
  m_NavMeshLayer: 0
  m_StaticEditorFlags: 0
  m_IsActive: 1
--- !u!4 &292129366
Transform:
  m_ObjectHideFlags: 0
  m_PrefabParentObject: {fileID: 4905550393757124, guid: 3b8c7f55ed1490945af66f3eadf24039,
    type: 2}
  m_PrefabInternal: {fileID: 0}
  m_GameObject: {fileID: 292129365}
  m_LocalRotation: {x: 0, y: 0, z: 0, w: 1}
  m_LocalPosition: {x: 0, y: 0.935, z: 0}
  m_LocalScale: {x: 0.4, y: 0.4, z: 0.4}
  m_Children: []
  m_Father: {fileID: 1957018428}
  m_RootOrder: 1
  m_LocalEulerAnglesHint: {x: 0, y: 0, z: 0}
--- !u!23 &292129367
MeshRenderer:
  m_ObjectHideFlags: 0
  m_PrefabParentObject: {fileID: 23116755610832802, guid: 3b8c7f55ed1490945af66f3eadf24039,
    type: 2}
  m_PrefabInternal: {fileID: 0}
  m_GameObject: {fileID: 292129365}
  m_Enabled: 1
  m_CastShadows: 1
  m_ReceiveShadows: 1
  m_DynamicOccludee: 1
  m_MotionVectors: 1
  m_LightProbeUsage: 1
  m_ReflectionProbeUsage: 1
  m_Materials:
  - {fileID: 2100000, guid: affb8328278bb334aaedd13fc6d2811e, type: 2}
  m_StaticBatchInfo:
    firstSubMesh: 0
    subMeshCount: 0
  m_StaticBatchRoot: {fileID: 0}
  m_ProbeAnchor: {fileID: 0}
  m_LightProbeVolumeOverride: {fileID: 0}
  m_ScaleInLightmap: 1
  m_PreserveUVs: 1
  m_IgnoreNormalsForChartDetection: 0
  m_ImportantGI: 0
  m_StitchLightmapSeams: 0
  m_SelectedEditorRenderState: 3
  m_MinimumChartSize: 4
  m_AutoUVMaxDistance: 0.5
  m_AutoUVMaxAngle: 89
  m_LightmapParameters: {fileID: 0}
  m_SortingLayerID: 0
  m_SortingLayer: 0
  m_SortingOrder: 0
--- !u!33 &292129368
MeshFilter:
  m_ObjectHideFlags: 0
  m_PrefabParentObject: {fileID: 33156799464796756, guid: 3b8c7f55ed1490945af66f3eadf24039,
    type: 2}
  m_PrefabInternal: {fileID: 0}
  m_GameObject: {fileID: 292129365}
  m_Mesh: {fileID: 10207, guid: 0000000000000000e000000000000000, type: 0}
--- !u!114 &368931160
MonoBehaviour:
  m_ObjectHideFlags: 0
  m_PrefabParentObject: {fileID: 114882388180133722, guid: c02ac80dce9cc1e498fad0fb4864ba02,
    type: 2}
  m_PrefabInternal: {fileID: 0}
  m_GameObject: {fileID: 30668811}
  m_Enabled: 1
  m_EditorHideFlags: 0
  m_Script: {fileID: 11500000, guid: a6d938aa589866a40bc78f2cd22271b6, type: 3}
  m_Name: 
  m_EditorClassIdentifier: 
  unitPropertiesManager: {fileID: 30668822}
  unitBehaviourManager: {fileID: 30668827}
  ownerIdProperty: {fileID: 30668820}
  myPlayer: {fileID: 0}
  rigidBody: {fileID: 30668829}
  expectedUnitState: {fileID: 0}
  unitStateProperty: {fileID: 30668832}
  target: {fileID: 1615089221}
--- !u!1 &397872831
GameObject:
  m_ObjectHideFlags: 0
  m_PrefabParentObject: {fileID: 1374974574601844, guid: c02ac80dce9cc1e498fad0fb4864ba02,
    type: 2}
  m_PrefabInternal: {fileID: 0}
  serializedVersion: 5
  m_Component:
  - component: {fileID: 397872832}
  - component: {fileID: 397872835}
  - component: {fileID: 397872834}
  - component: {fileID: 397872833}
  m_Layer: 0
  m_Name: HP_bar_green
  m_TagString: Untagged
  m_Icon: {fileID: 0}
  m_NavMeshLayer: 0
  m_StaticEditorFlags: 0
  m_IsActive: 1
--- !u!224 &397872832
RectTransform:
  m_ObjectHideFlags: 0
  m_PrefabParentObject: {fileID: 224233575817614882, guid: c02ac80dce9cc1e498fad0fb4864ba02,
    type: 2}
  m_PrefabInternal: {fileID: 0}
  m_GameObject: {fileID: 397872831}
  m_LocalRotation: {x: -0, y: -0, z: -0, w: 1}
  m_LocalPosition: {x: 0, y: 0, z: 0}
  m_LocalScale: {x: 3, y: 3, z: 1}
  m_Children: []
  m_Father: {fileID: 2004029744}
  m_RootOrder: 1
  m_LocalEulerAnglesHint: {x: 0, y: 0, z: 0}
  m_AnchorMin: {x: 0, y: 0}
  m_AnchorMax: {x: 1, y: 1}
  m_AnchoredPosition: {x: 0, y: 0}
  m_SizeDelta: {x: 0, y: 0}
  m_Pivot: {x: 0.5, y: 0.5}
--- !u!114 &397872833
MonoBehaviour:
  m_ObjectHideFlags: 0
  m_PrefabParentObject: {fileID: 114631768455488688, guid: c02ac80dce9cc1e498fad0fb4864ba02,
    type: 2}
  m_PrefabInternal: {fileID: 0}
  m_GameObject: {fileID: 397872831}
  m_Enabled: 1
  m_EditorHideFlags: 0
  m_Script: {fileID: -900027084, guid: f70555f144d8491a825f0804e09c671c, type: 3}
  m_Name: 
  m_EditorClassIdentifier: 
  m_EffectColor: {r: 0, g: 0, b: 0, a: 1}
  m_EffectDistance: {x: 0.1, y: 0.1}
  m_UseGraphicAlpha: 0
--- !u!114 &397872834
MonoBehaviour:
  m_ObjectHideFlags: 0
  m_PrefabParentObject: {fileID: 114183362584874800, guid: c02ac80dce9cc1e498fad0fb4864ba02,
    type: 2}
  m_PrefabInternal: {fileID: 0}
  m_GameObject: {fileID: 397872831}
  m_Enabled: 1
  m_EditorHideFlags: 0
  m_Script: {fileID: -765806418, guid: f5f67c52d1564df4a8936ccd202a3bd8, type: 3}
  m_Name: 
  m_EditorClassIdentifier: 
  m_Material: {fileID: 0}
  m_Color: {r: 0, g: 1, b: 0.048275948, a: 1}
  m_RaycastTarget: 0
  m_OnCullStateChanged:
    m_PersistentCalls:
      m_Calls: []
    m_TypeName: UnityEngine.UI.MaskableGraphic+CullStateChangedEvent, UnityEngine.UI,
      Version=1.0.0.0, Culture=neutral, PublicKeyToken=null
  m_Sprite: {fileID: 21300000, guid: 298d3dc7d7c1034459fa20ef37ccfc1d, type: 3}
  m_Type: 3
  m_PreserveAspect: 0
  m_FillCenter: 1
  m_FillMethod: 0
  m_FillAmount: 0.5
  m_FillClockwise: 1
  m_FillOrigin: 0
--- !u!222 &397872835
CanvasRenderer:
  m_ObjectHideFlags: 0
  m_PrefabParentObject: {fileID: 222070841455509402, guid: c02ac80dce9cc1e498fad0fb4864ba02,
    type: 2}
  m_PrefabInternal: {fileID: 0}
  m_GameObject: {fileID: 397872831}
--- !u!1 &473650053
GameObject:
  m_ObjectHideFlags: 0
  m_PrefabParentObject: {fileID: 1936564642038656, guid: 3b8c7f55ed1490945af66f3eadf24039,
    type: 2}
  m_PrefabInternal: {fileID: 0}
  serializedVersion: 5
  m_Component:
  - component: {fileID: 473650054}
  m_Layer: 0
  m_Name: Model
  m_TagString: Untagged
  m_Icon: {fileID: 0}
  m_NavMeshLayer: 0
  m_StaticEditorFlags: 0
  m_IsActive: 1
--- !u!4 &473650054
Transform:
  m_ObjectHideFlags: 0
  m_PrefabParentObject: {fileID: 4394438112851826, guid: 3b8c7f55ed1490945af66f3eadf24039,
    type: 2}
  m_PrefabInternal: {fileID: 0}
  m_GameObject: {fileID: 473650053}
  m_LocalRotation: {x: 0, y: 0, z: 0, w: 1}
  m_LocalPosition: {x: 0, y: 0, z: 0}
  m_LocalScale: {x: 1, y: 1, z: 1}
  m_Children:
  - {fileID: 1159611501}
  - {fileID: 132751180}
  - {fileID: 636814659}
  - {fileID: 1957018428}
  m_Father: {fileID: 1615089224}
  m_RootOrder: 0
  m_LocalEulerAnglesHint: {x: 0, y: 0, z: 0}
--- !u!1 &533960415
GameObject:
  m_ObjectHideFlags: 0
  m_PrefabParentObject: {fileID: 1003439894396758, guid: 3b8c7f55ed1490945af66f3eadf24039,
    type: 2}
  m_PrefabInternal: {fileID: 0}
  serializedVersion: 5
  m_Component:
  - component: {fileID: 533960416}
  - component: {fileID: 533960421}
  - component: {fileID: 533960420}
  - component: {fileID: 533960419}
  - component: {fileID: 533960418}
  - component: {fileID: 533960417}
  m_Layer: 0
  m_Name: ManaBar
  m_TagString: Untagged
  m_Icon: {fileID: 0}
  m_NavMeshLayer: 0
  m_StaticEditorFlags: 0
  m_IsActive: 1
--- !u!224 &533960416
RectTransform:
  m_ObjectHideFlags: 0
  m_PrefabParentObject: {fileID: 224522505594471168, guid: 3b8c7f55ed1490945af66f3eadf24039,
    type: 2}
  m_PrefabInternal: {fileID: 0}
  m_GameObject: {fileID: 533960415}
  m_LocalRotation: {x: 0.23695612, y: 0.005971521, z: 0.0014565066, w: 0.971501}
  m_LocalPosition: {x: 0, y: 0, z: 0}
  m_LocalScale: {x: 0.030000014, y: 0.030000001, z: 0.030000007}
  m_Children:
  - {fileID: 271338572}
  - {fileID: 2099158498}
  m_Father: {fileID: 1615089224}
  m_RootOrder: 2
  m_LocalEulerAnglesHint: {x: 0, y: 0, z: 0}
  m_AnchorMin: {x: 0.5, y: 0.5}
  m_AnchorMax: {x: 0.5, y: 0.5}
  m_AnchoredPosition: {x: -0.00000035762787, y: 1.271}
  m_SizeDelta: {x: 20, y: 2.5}
  m_Pivot: {x: 0.5, y: 0.5}
--- !u!114 &533960417
MonoBehaviour:
  m_ObjectHideFlags: 0
  m_PrefabParentObject: {fileID: 0}
  m_PrefabInternal: {fileID: 0}
  m_GameObject: {fileID: 533960415}
  m_Enabled: 1
  m_EditorHideFlags: 0
  m_Script: {fileID: 11500000, guid: f881d39e687bd394993ffff31e68f294, type: 3}
  m_Name: 
  m_EditorClassIdentifier: 
  myUnit: {fileID: 1615089221}
  manaProp: {fileID: 1615089226}
  manaMaxProp: {fileID: 1615089227}
  DarkBlueHealthbar: {fileID: 2099158500}
  LightBlueHealthBar: {fileID: 271338574}
--- !u!114 &533960418
MonoBehaviour:
  m_ObjectHideFlags: 0
  m_PrefabParentObject: {fileID: 114658161338676916, guid: 3b8c7f55ed1490945af66f3eadf24039,
    type: 2}
  m_PrefabInternal: {fileID: 0}
  m_GameObject: {fileID: 533960415}
  m_Enabled: 1
  m_EditorHideFlags: 0
  m_Script: {fileID: 11500000, guid: 00de32aa575f0aa4a95f8b51d8be985d, type: 3}
  m_Name: 
  m_EditorClassIdentifier: 
  m_Camera: {fileID: 0}
--- !u!114 &533960419
MonoBehaviour:
  m_ObjectHideFlags: 0
  m_PrefabParentObject: {fileID: 114156998649979862, guid: 3b8c7f55ed1490945af66f3eadf24039,
    type: 2}
  m_PrefabInternal: {fileID: 0}
  m_GameObject: {fileID: 533960415}
  m_Enabled: 1
  m_EditorHideFlags: 0
  m_Script: {fileID: 1301386320, guid: f5f67c52d1564df4a8936ccd202a3bd8, type: 3}
  m_Name: 
  m_EditorClassIdentifier: 
  m_IgnoreReversedGraphics: 1
  m_BlockingObjects: 0
  m_BlockingMask:
    serializedVersion: 2
    m_Bits: 4294967295
--- !u!114 &533960420
MonoBehaviour:
  m_ObjectHideFlags: 0
  m_PrefabParentObject: {fileID: 114088742904248244, guid: 3b8c7f55ed1490945af66f3eadf24039,
    type: 2}
  m_PrefabInternal: {fileID: 0}
  m_GameObject: {fileID: 533960415}
  m_Enabled: 1
  m_EditorHideFlags: 0
  m_Script: {fileID: 1980459831, guid: f5f67c52d1564df4a8936ccd202a3bd8, type: 3}
  m_Name: 
  m_EditorClassIdentifier: 
  m_UiScaleMode: 0
  m_ReferencePixelsPerUnit: 100
  m_ScaleFactor: 1
  m_ReferenceResolution: {x: 800, y: 600}
  m_ScreenMatchMode: 0
  m_MatchWidthOrHeight: 0
  m_PhysicalUnit: 3
  m_FallbackScreenDPI: 96
  m_DefaultSpriteDPI: 96
  m_DynamicPixelsPerUnit: 1
--- !u!223 &533960421
Canvas:
  m_ObjectHideFlags: 0
  m_PrefabParentObject: {fileID: 223820545868237742, guid: 3b8c7f55ed1490945af66f3eadf24039,
    type: 2}
  m_PrefabInternal: {fileID: 0}
  m_GameObject: {fileID: 533960415}
  m_Enabled: 1
  serializedVersion: 3
  m_RenderMode: 2
  m_Camera: {fileID: 0}
  m_PlaneDistance: 100
  m_PixelPerfect: 0
  m_ReceivesEvents: 1
  m_OverrideSorting: 0
  m_OverridePixelPerfect: 0
  m_SortingBucketNormalizedSize: 0
  m_AdditionalShaderChannelsFlag: 0
  m_SortingLayerID: 0
  m_SortingOrder: 0
  m_TargetDisplay: 0
--- !u!1 &593615545
GameObject:
  m_ObjectHideFlags: 0
  m_PrefabParentObject: {fileID: 1059348316097310, guid: c02ac80dce9cc1e498fad0fb4864ba02,
    type: 2}
  m_PrefabInternal: {fileID: 0}
  serializedVersion: 5
  m_Component:
  - component: {fileID: 593615546}
  - component: {fileID: 593615548}
  - component: {fileID: 593615547}
  m_Layer: 0
  m_Name: Eye
  m_TagString: Untagged
  m_Icon: {fileID: 0}
  m_NavMeshLayer: 0
  m_StaticEditorFlags: 0
  m_IsActive: 1
--- !u!4 &593615546
Transform:
  m_ObjectHideFlags: 0
  m_PrefabParentObject: {fileID: 4059055961877522, guid: c02ac80dce9cc1e498fad0fb4864ba02,
    type: 2}
  m_PrefabInternal: {fileID: 0}
  m_GameObject: {fileID: 593615545}
  m_LocalRotation: {x: 0, y: 0, z: 0, w: 1}
  m_LocalPosition: {x: -0.24, y: 0.64, z: 0.45}
  m_LocalScale: {x: 0.3, y: 0.3, z: 0.3}
  m_Children: []
  m_Father: {fileID: 1186291303}
  m_RootOrder: 1
  m_LocalEulerAnglesHint: {x: 0, y: 0, z: 0}
--- !u!23 &593615547
MeshRenderer:
  m_ObjectHideFlags: 0
  m_PrefabParentObject: {fileID: 23073783615543410, guid: c02ac80dce9cc1e498fad0fb4864ba02,
    type: 2}
  m_PrefabInternal: {fileID: 0}
  m_GameObject: {fileID: 593615545}
  m_Enabled: 1
  m_CastShadows: 1
  m_ReceiveShadows: 1
  m_DynamicOccludee: 1
  m_MotionVectors: 1
  m_LightProbeUsage: 1
  m_ReflectionProbeUsage: 1
  m_Materials:
  - {fileID: 2100000, guid: 3e68924c7a60ee7498823cf07ccb1a26, type: 2}
  m_StaticBatchInfo:
    firstSubMesh: 0
    subMeshCount: 0
  m_StaticBatchRoot: {fileID: 0}
  m_ProbeAnchor: {fileID: 0}
  m_LightProbeVolumeOverride: {fileID: 0}
  m_ScaleInLightmap: 1
  m_PreserveUVs: 1
  m_IgnoreNormalsForChartDetection: 0
  m_ImportantGI: 0
  m_StitchLightmapSeams: 0
  m_SelectedEditorRenderState: 3
  m_MinimumChartSize: 4
  m_AutoUVMaxDistance: 0.5
  m_AutoUVMaxAngle: 89
  m_LightmapParameters: {fileID: 0}
  m_SortingLayerID: 0
  m_SortingLayer: 0
  m_SortingOrder: 0
--- !u!33 &593615548
MeshFilter:
  m_ObjectHideFlags: 0
  m_PrefabParentObject: {fileID: 33258390795423944, guid: c02ac80dce9cc1e498fad0fb4864ba02,
    type: 2}
  m_PrefabInternal: {fileID: 0}
  m_GameObject: {fileID: 593615545}
  m_Mesh: {fileID: 10207, guid: 0000000000000000e000000000000000, type: 0}
--- !u!1 &625227663
GameObject:
  m_ObjectHideFlags: 0
  m_PrefabParentObject: {fileID: 1344215076866018, guid: c02ac80dce9cc1e498fad0fb4864ba02,
    type: 2}
  m_PrefabInternal: {fileID: 0}
  serializedVersion: 5
  m_Component:
  - component: {fileID: 625227664}
  - component: {fileID: 625227666}
  - component: {fileID: 625227665}
  m_Layer: 0
  m_Name: Cube (2)
  m_TagString: Untagged
  m_Icon: {fileID: 0}
  m_NavMeshLayer: 0
  m_StaticEditorFlags: 0
  m_IsActive: 1
--- !u!4 &625227664
Transform:
  m_ObjectHideFlags: 0
  m_PrefabParentObject: {fileID: 4834767378919570, guid: c02ac80dce9cc1e498fad0fb4864ba02,
    type: 2}
  m_PrefabInternal: {fileID: 0}
  m_GameObject: {fileID: 625227663}
  m_LocalRotation: {x: 0, y: 0, z: 0, w: 1}
  m_LocalPosition: {x: -0.00000011921, y: 0.351, z: 0.0000028014}
  m_LocalScale: {x: 0.07038573, y: 0.7038573, z: 0.07038573}
  m_Children: []
  m_Father: {fileID: 1129778854}
  m_RootOrder: 1
  m_LocalEulerAnglesHint: {x: 0, y: 0, z: 0}
--- !u!23 &625227665
MeshRenderer:
  m_ObjectHideFlags: 0
  m_PrefabParentObject: {fileID: 23837732164692456, guid: c02ac80dce9cc1e498fad0fb4864ba02,
    type: 2}
  m_PrefabInternal: {fileID: 0}
  m_GameObject: {fileID: 625227663}
  m_Enabled: 1
  m_CastShadows: 1
  m_ReceiveShadows: 1
  m_DynamicOccludee: 1
  m_MotionVectors: 1
  m_LightProbeUsage: 1
  m_ReflectionProbeUsage: 1
  m_Materials:
  - {fileID: 2100000, guid: 06d5201eb8fc02e44b6b308ba2011819, type: 2}
  m_StaticBatchInfo:
    firstSubMesh: 0
    subMeshCount: 0
  m_StaticBatchRoot: {fileID: 0}
  m_ProbeAnchor: {fileID: 0}
  m_LightProbeVolumeOverride: {fileID: 0}
  m_ScaleInLightmap: 1
  m_PreserveUVs: 1
  m_IgnoreNormalsForChartDetection: 0
  m_ImportantGI: 0
  m_StitchLightmapSeams: 0
  m_SelectedEditorRenderState: 3
  m_MinimumChartSize: 4
  m_AutoUVMaxDistance: 0.5
  m_AutoUVMaxAngle: 89
  m_LightmapParameters: {fileID: 0}
  m_SortingLayerID: 0
  m_SortingLayer: 0
  m_SortingOrder: 0
--- !u!33 &625227666
MeshFilter:
  m_ObjectHideFlags: 0
  m_PrefabParentObject: {fileID: 33577823131715334, guid: c02ac80dce9cc1e498fad0fb4864ba02,
    type: 2}
  m_PrefabInternal: {fileID: 0}
  m_GameObject: {fileID: 625227663}
  m_Mesh: {fileID: 10202, guid: 0000000000000000e000000000000000, type: 0}
--- !u!1 &636814658
GameObject:
  m_ObjectHideFlags: 0
  m_PrefabParentObject: {fileID: 1811191500162236, guid: 3b8c7f55ed1490945af66f3eadf24039,
    type: 2}
  m_PrefabInternal: {fileID: 0}
  serializedVersion: 5
  m_Component:
  - component: {fileID: 636814659}
  - component: {fileID: 636814661}
  - component: {fileID: 636814660}
  m_Layer: 0
  m_Name: Eye
  m_TagString: Untagged
  m_Icon: {fileID: 0}
  m_NavMeshLayer: 0
  m_StaticEditorFlags: 0
  m_IsActive: 1
--- !u!4 &636814659
Transform:
  m_ObjectHideFlags: 0
  m_PrefabParentObject: {fileID: 4152902435317738, guid: 3b8c7f55ed1490945af66f3eadf24039,
    type: 2}
  m_PrefabInternal: {fileID: 0}
  m_GameObject: {fileID: 636814658}
  m_LocalRotation: {x: -0, y: -0, z: -0, w: 1}
  m_LocalPosition: {x: 0.24, y: 0.64, z: 0.45}
  m_LocalScale: {x: 0.3, y: 0.3, z: 0.3}
  m_Children: []
  m_Father: {fileID: 473650054}
  m_RootOrder: 2
  m_LocalEulerAnglesHint: {x: 0, y: 0, z: 0}
--- !u!23 &636814660
MeshRenderer:
  m_ObjectHideFlags: 0
  m_PrefabParentObject: {fileID: 23016531728521274, guid: 3b8c7f55ed1490945af66f3eadf24039,
    type: 2}
  m_PrefabInternal: {fileID: 0}
  m_GameObject: {fileID: 636814658}
  m_Enabled: 1
  m_CastShadows: 1
  m_ReceiveShadows: 1
  m_DynamicOccludee: 1
  m_MotionVectors: 1
  m_LightProbeUsage: 1
  m_ReflectionProbeUsage: 1
  m_Materials:
  - {fileID: 2100000, guid: 66da64d584f695945beef9e6415189d9, type: 2}
  m_StaticBatchInfo:
    firstSubMesh: 0
    subMeshCount: 0
  m_StaticBatchRoot: {fileID: 0}
  m_ProbeAnchor: {fileID: 0}
  m_LightProbeVolumeOverride: {fileID: 0}
  m_ScaleInLightmap: 1
  m_PreserveUVs: 1
  m_IgnoreNormalsForChartDetection: 0
  m_ImportantGI: 0
  m_StitchLightmapSeams: 0
  m_SelectedEditorRenderState: 3
  m_MinimumChartSize: 4
  m_AutoUVMaxDistance: 0.5
  m_AutoUVMaxAngle: 89
  m_LightmapParameters: {fileID: 0}
  m_SortingLayerID: 0
  m_SortingLayer: 0
  m_SortingOrder: 0
--- !u!33 &636814661
MeshFilter:
  m_ObjectHideFlags: 0
  m_PrefabParentObject: {fileID: 33896269256321936, guid: 3b8c7f55ed1490945af66f3eadf24039,
    type: 2}
  m_PrefabInternal: {fileID: 0}
  m_GameObject: {fileID: 636814658}
  m_Mesh: {fileID: 10207, guid: 0000000000000000e000000000000000, type: 0}
--- !u!1 &735748003
GameObject:
  m_ObjectHideFlags: 0
  m_PrefabParentObject: {fileID: 1912268421135328, guid: 3b8c7f55ed1490945af66f3eadf24039,
    type: 2}
  m_PrefabInternal: {fileID: 0}
  serializedVersion: 5
  m_Component:
  - component: {fileID: 735748004}
  - component: {fileID: 735748007}
  - component: {fileID: 735748006}
  - component: {fileID: 735748005}
  m_Layer: 0
  m_Name: HP_bar_red
  m_TagString: Untagged
  m_Icon: {fileID: 0}
  m_NavMeshLayer: 0
  m_StaticEditorFlags: 0
  m_IsActive: 1
--- !u!224 &735748004
RectTransform:
  m_ObjectHideFlags: 0
  m_PrefabParentObject: {fileID: 224510873906118678, guid: 3b8c7f55ed1490945af66f3eadf24039,
    type: 2}
  m_PrefabInternal: {fileID: 0}
  m_GameObject: {fileID: 735748003}
  m_LocalRotation: {x: -0, y: -0, z: -0, w: 1}
  m_LocalPosition: {x: 0, y: 0, z: 0}
  m_LocalScale: {x: 3, y: 3, z: 1}
  m_Children: []
  m_Father: {fileID: 1992065968}
  m_RootOrder: 0
  m_LocalEulerAnglesHint: {x: 0, y: 0, z: 0}
  m_AnchorMin: {x: 0, y: 0}
  m_AnchorMax: {x: 1, y: 1}
  m_AnchoredPosition: {x: 0, y: 0}
  m_SizeDelta: {x: 0, y: 0}
  m_Pivot: {x: 0.5, y: 0.5}
--- !u!114 &735748005
MonoBehaviour:
  m_ObjectHideFlags: 0
  m_PrefabParentObject: {fileID: 114703400043235176, guid: 3b8c7f55ed1490945af66f3eadf24039,
    type: 2}
  m_PrefabInternal: {fileID: 0}
  m_GameObject: {fileID: 735748003}
  m_Enabled: 1
  m_EditorHideFlags: 0
  m_Script: {fileID: -900027084, guid: f70555f144d8491a825f0804e09c671c, type: 3}
  m_Name: 
  m_EditorClassIdentifier: 
  m_EffectColor: {r: 0, g: 0, b: 0, a: 1}
  m_EffectDistance: {x: 0.1, y: 0.1}
  m_UseGraphicAlpha: 0
--- !u!114 &735748006
MonoBehaviour:
  m_ObjectHideFlags: 0
  m_PrefabParentObject: {fileID: 114820376952633908, guid: 3b8c7f55ed1490945af66f3eadf24039,
    type: 2}
  m_PrefabInternal: {fileID: 0}
  m_GameObject: {fileID: 735748003}
  m_Enabled: 1
  m_EditorHideFlags: 0
  m_Script: {fileID: -765806418, guid: f5f67c52d1564df4a8936ccd202a3bd8, type: 3}
  m_Name: 
  m_EditorClassIdentifier: 
  m_Material: {fileID: 0}
  m_Color: {r: 1, g: 0, b: 0, a: 1}
  m_RaycastTarget: 1
  m_OnCullStateChanged:
    m_PersistentCalls:
      m_Calls: []
    m_TypeName: UnityEngine.UI.MaskableGraphic+CullStateChangedEvent, UnityEngine.UI,
      Version=1.0.0.0, Culture=neutral, PublicKeyToken=null
  m_Sprite: {fileID: 21300000, guid: 298d3dc7d7c1034459fa20ef37ccfc1d, type: 3}
  m_Type: 3
  m_PreserveAspect: 0
  m_FillCenter: 1
  m_FillMethod: 0
  m_FillAmount: 1
  m_FillClockwise: 1
  m_FillOrigin: 0
--- !u!222 &735748007
CanvasRenderer:
  m_ObjectHideFlags: 0
  m_PrefabParentObject: {fileID: 222744848367980712, guid: 3b8c7f55ed1490945af66f3eadf24039,
    type: 2}
  m_PrefabInternal: {fileID: 0}
  m_GameObject: {fileID: 735748003}
--- !u!1 &1030520190
GameObject:
  m_ObjectHideFlags: 0
  m_PrefabParentObject: {fileID: 1131213716134574, guid: c02ac80dce9cc1e498fad0fb4864ba02,
    type: 2}
  m_PrefabInternal: {fileID: 0}
  serializedVersion: 5
  m_Component:
  - component: {fileID: 1030520191}
  - component: {fileID: 1030520193}
  - component: {fileID: 1030520192}
  m_Layer: 0
  m_Name: Capsule
  m_TagString: Untagged
  m_Icon: {fileID: 0}
  m_NavMeshLayer: 0
  m_StaticEditorFlags: 0
  m_IsActive: 1
--- !u!4 &1030520191
Transform:
  m_ObjectHideFlags: 0
  m_PrefabParentObject: {fileID: 4897327629387754, guid: c02ac80dce9cc1e498fad0fb4864ba02,
    type: 2}
  m_PrefabInternal: {fileID: 0}
  m_GameObject: {fileID: 1030520190}
  m_LocalRotation: {x: -0, y: -0, z: -0, w: 1}
  m_LocalPosition: {x: 0, y: 0, z: 0}
  m_LocalScale: {x: 1, y: 1, z: 1}
  m_Children: []
  m_Father: {fileID: 1186291303}
  m_RootOrder: 0
  m_LocalEulerAnglesHint: {x: 0, y: 0, z: 0}
--- !u!23 &1030520192
MeshRenderer:
  m_ObjectHideFlags: 0
  m_PrefabParentObject: {fileID: 23963987894289906, guid: c02ac80dce9cc1e498fad0fb4864ba02,
    type: 2}
  m_PrefabInternal: {fileID: 0}
  m_GameObject: {fileID: 1030520190}
  m_Enabled: 1
  m_CastShadows: 1
  m_ReceiveShadows: 1
  m_DynamicOccludee: 1
  m_MotionVectors: 1
  m_LightProbeUsage: 1
  m_ReflectionProbeUsage: 1
  m_Materials:
  - {fileID: 2100000, guid: cad52d00796f8814a9ffb9d0a9824b9c, type: 2}
  m_StaticBatchInfo:
    firstSubMesh: 0
    subMeshCount: 0
  m_StaticBatchRoot: {fileID: 0}
  m_ProbeAnchor: {fileID: 0}
  m_LightProbeVolumeOverride: {fileID: 0}
  m_ScaleInLightmap: 1
  m_PreserveUVs: 1
  m_IgnoreNormalsForChartDetection: 0
  m_ImportantGI: 0
  m_StitchLightmapSeams: 0
  m_SelectedEditorRenderState: 3
  m_MinimumChartSize: 4
  m_AutoUVMaxDistance: 0.5
  m_AutoUVMaxAngle: 89
  m_LightmapParameters: {fileID: 0}
  m_SortingLayerID: 0
  m_SortingLayer: 0
  m_SortingOrder: 0
--- !u!33 &1030520193
MeshFilter:
  m_ObjectHideFlags: 0
  m_PrefabParentObject: {fileID: 33772725218310294, guid: c02ac80dce9cc1e498fad0fb4864ba02,
    type: 2}
  m_PrefabInternal: {fileID: 0}
  m_GameObject: {fileID: 1030520190}
  m_Mesh: {fileID: 10208, guid: 0000000000000000e000000000000000, type: 0}
--- !u!1 &1038353279
GameObject:
  m_ObjectHideFlags: 0
  m_PrefabParentObject: {fileID: 0}
  m_PrefabInternal: {fileID: 0}
  serializedVersion: 5
  m_Component:
  - component: {fileID: 1038353283}
  - component: {fileID: 1038353282}
  - component: {fileID: 1038353281}
  - component: {fileID: 1038353280}
  m_Layer: 0
  m_Name: floor
  m_TagString: Untagged
  m_Icon: {fileID: 0}
  m_NavMeshLayer: 0
  m_StaticEditorFlags: 8
  m_IsActive: 1
--- !u!23 &1038353280
MeshRenderer:
  m_ObjectHideFlags: 0
  m_PrefabParentObject: {fileID: 0}
  m_PrefabInternal: {fileID: 0}
  m_GameObject: {fileID: 1038353279}
  m_Enabled: 1
  m_CastShadows: 1
  m_ReceiveShadows: 1
  m_DynamicOccludee: 1
  m_MotionVectors: 1
  m_LightProbeUsage: 1
  m_ReflectionProbeUsage: 1
  m_Materials:
  - {fileID: 10303, guid: 0000000000000000f000000000000000, type: 0}
  m_StaticBatchInfo:
    firstSubMesh: 0
    subMeshCount: 0
  m_StaticBatchRoot: {fileID: 0}
  m_ProbeAnchor: {fileID: 0}
  m_LightProbeVolumeOverride: {fileID: 0}
  m_ScaleInLightmap: 1
  m_PreserveUVs: 1
  m_IgnoreNormalsForChartDetection: 0
  m_ImportantGI: 0
  m_StitchLightmapSeams: 0
  m_SelectedEditorRenderState: 3
  m_MinimumChartSize: 4
  m_AutoUVMaxDistance: 0.5
  m_AutoUVMaxAngle: 89
  m_LightmapParameters: {fileID: 0}
  m_SortingLayerID: 0
  m_SortingLayer: 0
  m_SortingOrder: 0
--- !u!65 &1038353281
BoxCollider:
  m_ObjectHideFlags: 0
  m_PrefabParentObject: {fileID: 0}
  m_PrefabInternal: {fileID: 0}
  m_GameObject: {fileID: 1038353279}
  m_Material: {fileID: 0}
  m_IsTrigger: 0
  m_Enabled: 1
  serializedVersion: 2
  m_Size: {x: 1, y: 1, z: 1}
  m_Center: {x: 0, y: 0, z: 0}
--- !u!33 &1038353282
MeshFilter:
  m_ObjectHideFlags: 0
  m_PrefabParentObject: {fileID: 0}
  m_PrefabInternal: {fileID: 0}
  m_GameObject: {fileID: 1038353279}
  m_Mesh: {fileID: 10202, guid: 0000000000000000e000000000000000, type: 0}
--- !u!4 &1038353283
Transform:
  m_ObjectHideFlags: 0
  m_PrefabParentObject: {fileID: 0}
  m_PrefabInternal: {fileID: 0}
  m_GameObject: {fileID: 1038353279}
  m_LocalRotation: {x: 0, y: 0, z: 0, w: 1}
  m_LocalPosition: {x: 0, y: 0, z: 0}
  m_LocalScale: {x: 500, y: 0.2, z: 500}
  m_Children: []
  m_Father: {fileID: 0}
  m_RootOrder: 4
  m_LocalEulerAnglesHint: {x: 0, y: 0, z: 0}
--- !u!1 &1129778851
GameObject:
  m_ObjectHideFlags: 0
  m_PrefabParentObject: {fileID: 1078753604303616, guid: c02ac80dce9cc1e498fad0fb4864ba02,
    type: 2}
  m_PrefabInternal: {fileID: 0}
  serializedVersion: 5
  m_Component:
  - component: {fileID: 1129778854}
  - component: {fileID: 1129778853}
  - component: {fileID: 1129778852}
  m_Layer: 0
  m_Name: sword
  m_TagString: Untagged
  m_Icon: {fileID: 0}
  m_NavMeshLayer: 0
  m_StaticEditorFlags: 0
  m_IsActive: 1
--- !u!114 &1129778852
MonoBehaviour:
  m_ObjectHideFlags: 0
  m_PrefabParentObject: {fileID: 114497173680003966, guid: c02ac80dce9cc1e498fad0fb4864ba02,
    type: 2}
  m_PrefabInternal: {fileID: 0}
  m_GameObject: {fileID: 1129778851}
  m_Enabled: 1
  m_EditorHideFlags: 0
  m_Script: {fileID: 11500000, guid: 6e62fdd731d56e442a2dac109b8cf0f6, type: 3}
  m_Name: 
  m_EditorClassIdentifier: 
  swingingSpeed: 12
  returnSpeed: 8
  returnDuration: 0.5
  attackDuration: 0.25
--- !u!65 &1129778853
BoxCollider:
  m_ObjectHideFlags: 0
  m_PrefabParentObject: {fileID: 65483663668817160, guid: c02ac80dce9cc1e498fad0fb4864ba02,
    type: 2}
  m_PrefabInternal: {fileID: 0}
  m_GameObject: {fileID: 1129778851}
  m_Material: {fileID: 0}
  m_IsTrigger: 1
  m_Enabled: 1
  serializedVersion: 2
  m_Size: {x: 0.1, y: 0.8, z: 0.1}
  m_Center: {x: 0, y: 0.3, z: 0}
--- !u!4 &1129778854
Transform:
  m_ObjectHideFlags: 0
  m_PrefabParentObject: {fileID: 4618285859334764, guid: c02ac80dce9cc1e498fad0fb4864ba02,
    type: 2}
  m_PrefabInternal: {fileID: 0}
  m_GameObject: {fileID: 1129778851}
  m_LocalRotation: {x: 0.021503592, y: -0, z: -0, w: 0.9997688}
  m_LocalPosition: {x: -0.45900002, y: 0.13899994, z: 0.75600004}
  m_LocalScale: {x: 1, y: 1, z: 1}
  m_Children:
  - {fileID: 2065512917}
  - {fileID: 625227664}
  - {fileID: 140345392}
  m_Father: {fileID: 1186291303}
  m_RootOrder: 3
  m_LocalEulerAnglesHint: {x: 2.4640002, y: 0, z: 0}
--- !u!1 &1159611500
GameObject:
  m_ObjectHideFlags: 0
  m_PrefabParentObject: {fileID: 1123998563633656, guid: 3b8c7f55ed1490945af66f3eadf24039,
    type: 2}
  m_PrefabInternal: {fileID: 0}
  serializedVersion: 5
  m_Component:
  - component: {fileID: 1159611501}
  - component: {fileID: 1159611503}
  - component: {fileID: 1159611502}
  m_Layer: 0
  m_Name: Capsule
  m_TagString: Untagged
  m_Icon: {fileID: 0}
  m_NavMeshLayer: 0
  m_StaticEditorFlags: 0
  m_IsActive: 1
--- !u!4 &1159611501
Transform:
  m_ObjectHideFlags: 0
  m_PrefabParentObject: {fileID: 4480821028042786, guid: 3b8c7f55ed1490945af66f3eadf24039,
    type: 2}
  m_PrefabInternal: {fileID: 0}
  m_GameObject: {fileID: 1159611500}
  m_LocalRotation: {x: -0, y: -0, z: -0, w: 1}
  m_LocalPosition: {x: 0, y: 0, z: 0}
  m_LocalScale: {x: 1, y: 1, z: 1}
  m_Children: []
  m_Father: {fileID: 473650054}
  m_RootOrder: 0
  m_LocalEulerAnglesHint: {x: 0, y: 0, z: 0}
--- !u!23 &1159611502
MeshRenderer:
  m_ObjectHideFlags: 0
  m_PrefabParentObject: {fileID: 23876679476926172, guid: 3b8c7f55ed1490945af66f3eadf24039,
    type: 2}
  m_PrefabInternal: {fileID: 0}
  m_GameObject: {fileID: 1159611500}
  m_Enabled: 1
  m_CastShadows: 1
  m_ReceiveShadows: 1
  m_DynamicOccludee: 1
  m_MotionVectors: 1
  m_LightProbeUsage: 1
  m_ReflectionProbeUsage: 1
  m_Materials:
  - {fileID: 2100000, guid: d37618114e4317540975db83589ac162, type: 2}
  m_StaticBatchInfo:
    firstSubMesh: 0
    subMeshCount: 0
  m_StaticBatchRoot: {fileID: 0}
  m_ProbeAnchor: {fileID: 0}
  m_LightProbeVolumeOverride: {fileID: 0}
  m_ScaleInLightmap: 1
  m_PreserveUVs: 1
  m_IgnoreNormalsForChartDetection: 0
  m_ImportantGI: 0
  m_StitchLightmapSeams: 0
  m_SelectedEditorRenderState: 3
  m_MinimumChartSize: 4
  m_AutoUVMaxDistance: 0.5
  m_AutoUVMaxAngle: 89
  m_LightmapParameters: {fileID: 0}
  m_SortingLayerID: 0
  m_SortingLayer: 0
  m_SortingOrder: 0
--- !u!33 &1159611503
MeshFilter:
  m_ObjectHideFlags: 0
  m_PrefabParentObject: {fileID: 33117257467694806, guid: 3b8c7f55ed1490945af66f3eadf24039,
    type: 2}
  m_PrefabInternal: {fileID: 0}
  m_GameObject: {fileID: 1159611500}
  m_Mesh: {fileID: 10208, guid: 0000000000000000e000000000000000, type: 0}
--- !u!1 &1186291302
GameObject:
  m_ObjectHideFlags: 0
  m_PrefabParentObject: {fileID: 1550251056623166, guid: c02ac80dce9cc1e498fad0fb4864ba02,
    type: 2}
  m_PrefabInternal: {fileID: 0}
  serializedVersion: 5
  m_Component:
  - component: {fileID: 1186291303}
  m_Layer: 0
  m_Name: Model
  m_TagString: Untagged
  m_Icon: {fileID: 0}
  m_NavMeshLayer: 0
  m_StaticEditorFlags: 0
  m_IsActive: 1
--- !u!4 &1186291303
Transform:
  m_ObjectHideFlags: 0
  m_PrefabParentObject: {fileID: 4926581355786152, guid: c02ac80dce9cc1e498fad0fb4864ba02,
    type: 2}
  m_PrefabInternal: {fileID: 0}
  m_GameObject: {fileID: 1186291302}
  m_LocalRotation: {x: 0, y: 0, z: 0, w: 1}
  m_LocalPosition: {x: 0, y: 0, z: 0}
  m_LocalScale: {x: 1, y: 1, z: 1}
  m_Children:
  - {fileID: 1030520191}
  - {fileID: 593615546}
  - {fileID: 1650821232}
  - {fileID: 1129778854}
  m_Father: {fileID: 30668830}
  m_RootOrder: 0
  m_LocalEulerAnglesHint: {x: 0, y: 0, z: 0}
--- !u!1 &1431818340
GameObject:
  m_ObjectHideFlags: 0
  m_PrefabParentObject: {fileID: 0}
  m_PrefabInternal: {fileID: 0}
  serializedVersion: 5
  m_Component:
  - component: {fileID: 1431818342}
  - component: {fileID: 1431818341}
  m_Layer: 0
  m_Name: Directional Light
  m_TagString: Untagged
  m_Icon: {fileID: 0}
  m_NavMeshLayer: 0
  m_StaticEditorFlags: 0
  m_IsActive: 1
--- !u!108 &1431818341
Light:
  m_ObjectHideFlags: 0
  m_PrefabParentObject: {fileID: 0}
  m_PrefabInternal: {fileID: 0}
  m_GameObject: {fileID: 1431818340}
  m_Enabled: 1
  serializedVersion: 8
  m_Type: 1
  m_Color: {r: 1, g: 0.95686275, b: 0.8392157, a: 1}
  m_Intensity: 1
  m_Range: 10
  m_SpotAngle: 30
  m_CookieSize: 10
  m_Shadows:
    m_Type: 2
    m_Resolution: -1
    m_CustomResolution: -1
    m_Strength: 1
    m_Bias: 0.05
    m_NormalBias: 0.4
    m_NearPlane: 0.2
  m_Cookie: {fileID: 0}
  m_DrawHalo: 0
  m_Flare: {fileID: 0}
  m_RenderMode: 0
  m_CullingMask:
    serializedVersion: 2
    m_Bits: 4294967295
  m_Lightmapping: 4
  m_AreaSize: {x: 1, y: 1}
  m_BounceIntensity: 1
  m_ColorTemperature: 6570
  m_UseColorTemperature: 0
  m_ShadowRadius: 0
  m_ShadowAngle: 0
--- !u!4 &1431818342
Transform:
  m_ObjectHideFlags: 0
  m_PrefabParentObject: {fileID: 0}
  m_PrefabInternal: {fileID: 0}
  m_GameObject: {fileID: 1431818340}
  m_LocalRotation: {x: 0.40821788, y: -0.23456968, z: 0.10938163, w: 0.8754261}
  m_LocalPosition: {x: -0.91, y: 4.52, z: 1.57}
  m_LocalScale: {x: 1, y: 1, z: 1}
  m_Children: []
  m_Father: {fileID: 0}
  m_RootOrder: 0
  m_LocalEulerAnglesHint: {x: 50, y: -30, z: 0}
--- !u!1 &1513184500
GameObject:
  m_ObjectHideFlags: 0
  m_PrefabParentObject: {fileID: 1720687453476286, guid: 3b8c7f55ed1490945af66f3eadf24039,
    type: 2}
  m_PrefabInternal: {fileID: 0}
  serializedVersion: 5
  m_Component:
  - component: {fileID: 1513184501}
  - component: {fileID: 1513184503}
  - component: {fileID: 1513184502}
  m_Layer: 0
  m_Name: Cube (2)
  m_TagString: Untagged
  m_Icon: {fileID: 0}
  m_NavMeshLayer: 0
  m_StaticEditorFlags: 0
  m_IsActive: 1
--- !u!4 &1513184501
Transform:
  m_ObjectHideFlags: 0
  m_PrefabParentObject: {fileID: 4439648412420278, guid: 3b8c7f55ed1490945af66f3eadf24039,
    type: 2}
  m_PrefabInternal: {fileID: 0}
  m_GameObject: {fileID: 1513184500}
  m_LocalRotation: {x: 0, y: 0, z: 0, w: 1}
  m_LocalPosition: {x: -0, y: 0.225, z: 0}
  m_LocalScale: {x: 0.07038573, y: 1.4575355, z: 0.07038573}
  m_Children: []
  m_Father: {fileID: 1957018428}
  m_RootOrder: 0
  m_LocalEulerAnglesHint: {x: 0, y: 0, z: 0}
--- !u!23 &1513184502
MeshRenderer:
  m_ObjectHideFlags: 0
  m_PrefabParentObject: {fileID: 23049299265128446, guid: 3b8c7f55ed1490945af66f3eadf24039,
    type: 2}
  m_PrefabInternal: {fileID: 0}
  m_GameObject: {fileID: 1513184500}
  m_Enabled: 1
  m_CastShadows: 1
  m_ReceiveShadows: 1
  m_DynamicOccludee: 1
  m_MotionVectors: 1
  m_LightProbeUsage: 1
  m_ReflectionProbeUsage: 1
  m_Materials:
  - {fileID: 2100000, guid: 4f4fdac24ee76dc4bb61bb4ec7adbac6, type: 2}
  m_StaticBatchInfo:
    firstSubMesh: 0
    subMeshCount: 0
  m_StaticBatchRoot: {fileID: 0}
  m_ProbeAnchor: {fileID: 0}
  m_LightProbeVolumeOverride: {fileID: 0}
  m_ScaleInLightmap: 1
  m_PreserveUVs: 1
  m_IgnoreNormalsForChartDetection: 0
  m_ImportantGI: 0
  m_StitchLightmapSeams: 0
  m_SelectedEditorRenderState: 3
  m_MinimumChartSize: 4
  m_AutoUVMaxDistance: 0.5
  m_AutoUVMaxAngle: 89
  m_LightmapParameters: {fileID: 0}
  m_SortingLayerID: 0
  m_SortingLayer: 0
  m_SortingOrder: 0
--- !u!33 &1513184503
MeshFilter:
  m_ObjectHideFlags: 0
  m_PrefabParentObject: {fileID: 33326468277544590, guid: 3b8c7f55ed1490945af66f3eadf24039,
    type: 2}
  m_PrefabInternal: {fileID: 0}
  m_GameObject: {fileID: 1513184500}
  m_Mesh: {fileID: 10202, guid: 0000000000000000e000000000000000, type: 0}
--- !u!1 &1615089204
GameObject:
  m_ObjectHideFlags: 0
  m_PrefabParentObject: {fileID: 1401112119807554, guid: 3b8c7f55ed1490945af66f3eadf24039,
    type: 2}
  m_PrefabInternal: {fileID: 0}
  serializedVersion: 5
  m_Component:
  - component: {fileID: 1615089224}
  - component: {fileID: 1615089223}
  - component: {fileID: 1615089222}
  - component: {fileID: 1615089221}
  - component: {fileID: 1615089220}
  - component: {fileID: 1615089229}
  - component: {fileID: 1615089219}
  - component: {fileID: 1615089218}
  - component: {fileID: 1615089216}
  - component: {fileID: 1615089217}
  - component: {fileID: 1615089215}
  - component: {fileID: 1615089214}
  - component: {fileID: 1615089213}
  - component: {fileID: 1615089212}
  - component: {fileID: 1615089211}
  - component: {fileID: 1615089210}
  - component: {fileID: 1615089209}
  - component: {fileID: 1615089208}
  - component: {fileID: 1615089207}
  - component: {fileID: 1615089206}
  - component: {fileID: 1615089228}
  - component: {fileID: 1615089227}
  - component: {fileID: 1615089226}
  - component: {fileID: 1615089225}
  - component: {fileID: 1615089205}
  m_Layer: 0
  m_Name: HealerUnit
  m_TagString: Untagged
  m_Icon: {fileID: 0}
  m_NavMeshLayer: 0
  m_StaticEditorFlags: 0
  m_IsActive: 1
--- !u!195 &1615089205
NavMeshAgent:
  m_ObjectHideFlags: 0
  m_PrefabParentObject: {fileID: 195194189252525660, guid: 3b8c7f55ed1490945af66f3eadf24039,
    type: 2}
  m_PrefabInternal: {fileID: 0}
  m_GameObject: {fileID: 1615089204}
  m_Enabled: 1
  m_AgentTypeID: 0
  m_Radius: 0.5
  m_Speed: 3
  m_Acceleration: 8
  avoidancePriority: 50
  m_AngularSpeed: 120
  m_StoppingDistance: 2.2
  m_AutoTraverseOffMeshLink: 1
  m_AutoBraking: 1
  m_AutoRepath: 1
  m_Height: 2
  m_BaseOffset: 1
  m_WalkableMask: 4294967295
  m_ObstacleAvoidanceType: 3
--- !u!114 &1615089206
MonoBehaviour:
  m_ObjectHideFlags: 0
  m_PrefabParentObject: {fileID: 114858586406546120, guid: 3b8c7f55ed1490945af66f3eadf24039,
    type: 2}
  m_PrefabInternal: {fileID: 0}
  m_GameObject: {fileID: 1615089204}
  m_Enabled: 1
  m_EditorHideFlags: 0
  m_Script: {fileID: 11500000, guid: 9037832d8cc2faa428876a039e76477c, type: 3}
  m_Name: 
  m_EditorClassIdentifier: 
  value: 1
--- !u!114 &1615089207
MonoBehaviour:
  m_ObjectHideFlags: 0
  m_PrefabParentObject: {fileID: 114503971960926164, guid: 3b8c7f55ed1490945af66f3eadf24039,
    type: 2}
  m_PrefabInternal: {fileID: 0}
  m_GameObject: {fileID: 1615089204}
  m_Enabled: 1
  m_EditorHideFlags: 0
  m_Script: {fileID: 11500000, guid: 7cea6a555c320eb429245f0953082bcd, type: 3}
  m_Name: 
  m_EditorClassIdentifier: 
  value:
    classification: 7
    signifiganceOfClassifiation: 1
--- !u!114 &1615089208
MonoBehaviour:
  m_ObjectHideFlags: 0
  m_PrefabParentObject: {fileID: 114384743279557632, guid: 3b8c7f55ed1490945af66f3eadf24039,
    type: 2}
  m_PrefabInternal: {fileID: 0}
  m_GameObject: {fileID: 1615089204}
  m_Enabled: 1
  m_EditorHideFlags: 0
  m_Script: {fileID: 11500000, guid: 168f6afeff7f7584985ef35e4ca57a23, type: 3}
  m_Name: 
  m_EditorClassIdentifier: 
  value: 12
--- !u!114 &1615089209
MonoBehaviour:
  m_ObjectHideFlags: 0
  m_PrefabParentObject: {fileID: 114264512602365038, guid: 3b8c7f55ed1490945af66f3eadf24039,
    type: 2}
  m_PrefabInternal: {fileID: 0}
  m_GameObject: {fileID: 1615089204}
  m_Enabled: 1
  m_EditorHideFlags: 0
  m_Script: {fileID: 11500000, guid: a6f3edcc21a11dd499c4f52144d64b3e, type: 3}
  m_Name: 
  m_EditorClassIdentifier: 
  value: 625
--- !u!114 &1615089210
MonoBehaviour:
  m_ObjectHideFlags: 0
  m_PrefabParentObject: {fileID: 114558542254478664, guid: 3b8c7f55ed1490945af66f3eadf24039,
    type: 2}
  m_PrefabInternal: {fileID: 0}
  m_GameObject: {fileID: 1615089204}
  m_Enabled: 1
  m_EditorHideFlags: 0
  m_Script: {fileID: 11500000, guid: 6cd248b37f8d0f845af52a1a1de670f4, type: 3}
  m_Name: 
  m_EditorClassIdentifier: 
  value: 0
--- !u!114 &1615089211
MonoBehaviour:
  m_ObjectHideFlags: 0
  m_PrefabParentObject: {fileID: 114643891791069068, guid: 3b8c7f55ed1490945af66f3eadf24039,
    type: 2}
  m_PrefabInternal: {fileID: 0}
  m_GameObject: {fileID: 1615089204}
  m_Enabled: 1
  m_EditorHideFlags: 0
  m_Script: {fileID: 11500000, guid: 4ca5c5616f7cddc408fd60d295072294, type: 3}
  m_Name: 
  m_EditorClassIdentifier: 
  value: 170
--- !u!114 &1615089212
MonoBehaviour:
  m_ObjectHideFlags: 0
  m_PrefabParentObject: {fileID: 114871333707984496, guid: 3b8c7f55ed1490945af66f3eadf24039,
    type: 2}
  m_PrefabInternal: {fileID: 0}
  m_GameObject: {fileID: 1615089204}
  m_Enabled: 1
  m_EditorHideFlags: 0
  m_Script: {fileID: 11500000, guid: 2e275775df8fae44d9b1d3951c230c04, type: 3}
  m_Name: 
  m_EditorClassIdentifier: 
  value: 170
--- !u!114 &1615089213
MonoBehaviour:
  m_ObjectHideFlags: 0
  m_PrefabParentObject: {fileID: 114458374473076682, guid: 3b8c7f55ed1490945af66f3eadf24039,
    type: 2}
  m_PrefabInternal: {fileID: 0}
  m_GameObject: {fileID: 1615089204}
  m_Enabled: 1
  m_EditorHideFlags: 0
  m_Script: {fileID: 11500000, guid: 47594a5da522a874687f8670919dfb0b, type: 3}
  m_Name: 
  m_EditorClassIdentifier: 
  value: 0
--- !u!114 &1615089214
MonoBehaviour:
  m_ObjectHideFlags: 0
  m_PrefabParentObject: {fileID: 114571359438441954, guid: 3b8c7f55ed1490945af66f3eadf24039,
    type: 2}
  m_PrefabInternal: {fileID: 0}
  m_GameObject: {fileID: 1615089204}
  m_Enabled: 1
  m_EditorHideFlags: 0
  m_Script: {fileID: 11500000, guid: cf7e801f82e12b445ab752496ac5c286, type: 3}
  m_Name: 
  m_EditorClassIdentifier: 
  value: 3
--- !u!114 &1615089215
MonoBehaviour:
  m_ObjectHideFlags: 0
  m_PrefabParentObject: {fileID: 114867741012457076, guid: 3b8c7f55ed1490945af66f3eadf24039,
    type: 2}
  m_PrefabInternal: {fileID: 0}
  m_GameObject: {fileID: 1615089204}
  m_Enabled: 1
  m_EditorHideFlags: 0
  m_Script: {fileID: 11500000, guid: 8e94b5527fe655d46ac6343671c9b60c, type: 3}
  m_Name: 
  m_EditorClassIdentifier: 
  unitProperties:
  - {fileID: 1615089214}
  - {fileID: 1615089213}
  - {fileID: 1615089212}
  - {fileID: 1615089211}
  - {fileID: 1615089210}
  - {fileID: 1615089209}
  - {fileID: 1615089208}
  - {fileID: 1615089207}
  - {fileID: 1615089206}
  - {fileID: 1615089228}
  - {fileID: 1615089227}
  - {fileID: 1615089226}
  - {fileID: 1615089225}
  propertyCount: 13
--- !u!114 &1615089216
MonoBehaviour:
  m_ObjectHideFlags: 0
  m_PrefabParentObject: {fileID: 114239957908264604, guid: 3b8c7f55ed1490945af66f3eadf24039,
    type: 2}
  m_PrefabInternal: {fileID: 0}
  m_GameObject: {fileID: 1615089204}
  m_Enabled: 1
  m_EditorHideFlags: 0
  m_Script: {fileID: 11500000, guid: fbeca762945b78640910854d42628df9, type: 3}
  m_Name: 
  m_EditorClassIdentifier: 
  activeUnitStates:
  - {fileID: 11400000, guid: c522e6b9dbbf3dd4c8eef91fc3f212b8, type: 2}
  unit: {fileID: 1615089221}
  unitStateProperty: {fileID: 1615089228}
  bountyProperty: {fileID: 1615089208}
  hpProperty: {fileID: 1615089212}
--- !u!114 &1615089217
MonoBehaviour:
  m_ObjectHideFlags: 0
  m_PrefabParentObject: {fileID: 0}
  m_PrefabInternal: {fileID: 0}
  m_GameObject: {fileID: 1615089204}
  m_Enabled: 1
  m_EditorHideFlags: 0
  m_Script: {fileID: 11500000, guid: 994f94f4ca320634198be57a9764870e, type: 3}
  m_Name: 
  m_EditorClassIdentifier: 
  activeUnitStates:
  - {fileID: 11400000, guid: c522e6b9dbbf3dd4c8eef91fc3f212b8, type: 2}
  unit: {fileID: 1615089221}
  unitStateProperty: {fileID: 1615089228}
  manaRegenProperty: {fileID: 1615089225}
  manaProperty: {fileID: 1615089226}
  manaMaxProperty: {fileID: 1615089227}
--- !u!114 &1615089218
MonoBehaviour:
  m_ObjectHideFlags: 0
  m_PrefabParentObject: {fileID: 0}
  m_PrefabInternal: {fileID: 0}
  m_GameObject: {fileID: 1615089204}
  m_Enabled: 1
  m_EditorHideFlags: 0
  m_Script: {fileID: 11500000, guid: 9af51cc8473a4004ea7a00134d2b2d88, type: 3}
  m_Name: 
  m_EditorClassIdentifier: 
  activeUnitStates:
  - {fileID: 11400000, guid: c522e6b9dbbf3dd4c8eef91fc3f212b8, type: 2}
  unit: {fileID: 1615089221}
  unitStateProperty: {fileID: 1615089228}
  range: 8
  healAmount: 20
  manaCost: 1
  attackTime: 0
  rechargeTime: 1
  manaProp: {fileID: 1615089226}
  ownerIdProp: {fileID: 1615089213}
--- !u!114 &1615089219
MonoBehaviour:
  m_ObjectHideFlags: 0
  m_PrefabParentObject: {fileID: 114340749377077070, guid: 3b8c7f55ed1490945af66f3eadf24039,
    type: 2}
  m_PrefabInternal: {fileID: 0}
  m_GameObject: {fileID: 1615089204}
  m_Enabled: 1
  m_EditorHideFlags: 0
  m_Script: {fileID: 11500000, guid: bf86dd7f96c9d804ea78d58b0f98a832, type: 3}
  m_Name: 
  m_EditorClassIdentifier: 
  activeUnitStates:
  - {fileID: 11400000, guid: c522e6b9dbbf3dd4c8eef91fc3f212b8, type: 2}
  unit: {fileID: 1615089221}
  unitStateProperty: {fileID: 1615089228}
  agent: {fileID: 1615089205}
  minimumDistance: 2.2
  trackingUnit: {fileID: 0}
  movementSpeedProperty: {fileID: 1615089214}
--- !u!114 &1615089220
MonoBehaviour:
  m_ObjectHideFlags: 0
  m_PrefabParentObject: {fileID: 114062693153141244, guid: 3b8c7f55ed1490945af66f3eadf24039,
    type: 2}
  m_PrefabInternal: {fileID: 0}
  m_GameObject: {fileID: 1615089204}
  m_Enabled: 1
  m_EditorHideFlags: 0
  m_Script: {fileID: 11500000, guid: 98655bbd8ba29c845a69e7167483d68a, type: 3}
  m_Name: 
  m_EditorClassIdentifier: 
  unitBehaviours:
  - {fileID: 1615089229}
  - {fileID: 1615089219}
  - {fileID: 1615089218}
  - {fileID: 1615089216}
  - {fileID: 1615089217}
--- !u!114 &1615089221
MonoBehaviour:
  m_ObjectHideFlags: 0
  m_PrefabParentObject: {fileID: 114412493392922000, guid: 3b8c7f55ed1490945af66f3eadf24039,
    type: 2}
  m_PrefabInternal: {fileID: 0}
  m_GameObject: {fileID: 1615089204}
  m_Enabled: 1
  m_EditorHideFlags: 0
  m_Script: {fileID: 11500000, guid: a6d938aa589866a40bc78f2cd22271b6, type: 3}
  m_Name: 
  m_EditorClassIdentifier: 
  unitPropertiesManager: {fileID: 1615089215}
  unitBehaviourManager: {fileID: 1615089220}
  ownerIdProperty: {fileID: 1615089213}
  myPlayer: {fileID: 0}
  rigidBody: {fileID: 1615089223}
  expectedUnitState: {fileID: 11400000, guid: c522e6b9dbbf3dd4c8eef91fc3f212b8, type: 2}
  unitStateProperty: {fileID: 1615089228}
  target: {fileID: 0}
--- !u!65 &1615089222
BoxCollider:
  m_ObjectHideFlags: 0
  m_PrefabParentObject: {fileID: 65980253449886676, guid: 3b8c7f55ed1490945af66f3eadf24039,
    type: 2}
  m_PrefabInternal: {fileID: 0}
  m_GameObject: {fileID: 1615089204}
  m_Material: {fileID: 0}
  m_IsTrigger: 0
  m_Enabled: 1
  serializedVersion: 2
  m_Size: {x: 1, y: 2, z: 1}
  m_Center: {x: 0, y: 0, z: 0}
--- !u!54 &1615089223
Rigidbody:
  m_ObjectHideFlags: 0
  m_PrefabParentObject: {fileID: 54398409054801932, guid: 3b8c7f55ed1490945af66f3eadf24039,
    type: 2}
  m_PrefabInternal: {fileID: 0}
  m_GameObject: {fileID: 1615089204}
  serializedVersion: 2
  m_Mass: 1
  m_Drag: 0
  m_AngularDrag: 0.05
  m_UseGravity: 1
  m_IsKinematic: 0
  m_Interpolate: 0
  m_Constraints: 112
  m_CollisionDetection: 0
--- !u!4 &1615089224
Transform:
  m_ObjectHideFlags: 0
  m_PrefabParentObject: {fileID: 4601027767701126, guid: 3b8c7f55ed1490945af66f3eadf24039,
    type: 2}
  m_PrefabInternal: {fileID: 0}
  m_GameObject: {fileID: 1615089204}
  m_LocalRotation: {x: 0, y: 0.7071068, z: 0, w: 0.7071068}
  m_LocalPosition: {x: 1.547, y: 1.13, z: 2.25}
  m_LocalScale: {x: 1, y: 1, z: 1}
  m_Children:
  - {fileID: 473650054}
  - {fileID: 1992065968}
  - {fileID: 533960416}
  m_Father: {fileID: 0}
  m_RootOrder: 2
  m_LocalEulerAnglesHint: {x: 0, y: 90, z: 0}
--- !u!114 &1615089225
MonoBehaviour:
  m_ObjectHideFlags: 0
  m_PrefabParentObject: {fileID: 114857169286209396, guid: 3b8c7f55ed1490945af66f3eadf24039,
    type: 2}
  m_PrefabInternal: {fileID: 0}
  m_GameObject: {fileID: 1615089204}
  m_Enabled: 1
  m_EditorHideFlags: 0
  m_Script: {fileID: 11500000, guid: 46049943080766f4f8fbd5e33583e3a1, type: 3}
  m_Name: 
  m_EditorClassIdentifier: 
  value: 0.5
--- !u!114 &1615089226
MonoBehaviour:
  m_ObjectHideFlags: 0
  m_PrefabParentObject: {fileID: 114507745283996938, guid: 3b8c7f55ed1490945af66f3eadf24039,
    type: 2}
  m_PrefabInternal: {fileID: 0}
  m_GameObject: {fileID: 1615089204}
  m_Enabled: 1
  m_EditorHideFlags: 0
  m_Script: {fileID: 11500000, guid: 88e8510aa3de1f34d8acc437cc6c165c, type: 3}
  m_Name: 
  m_EditorClassIdentifier: 
  value: 20
--- !u!114 &1615089227
MonoBehaviour:
  m_ObjectHideFlags: 0
  m_PrefabParentObject: {fileID: 114257265822456266, guid: 3b8c7f55ed1490945af66f3eadf24039,
    type: 2}
  m_PrefabInternal: {fileID: 0}
  m_GameObject: {fileID: 1615089204}
  m_Enabled: 1
  m_EditorHideFlags: 0
  m_Script: {fileID: 11500000, guid: 17dcc9d7905965441b57b5e19b9814e0, type: 3}
  m_Name: 
  m_EditorClassIdentifier: 
  value: 20
--- !u!114 &1615089228
MonoBehaviour:
  m_ObjectHideFlags: 0
  m_PrefabParentObject: {fileID: 0}
  m_PrefabInternal: {fileID: 0}
  m_GameObject: {fileID: 1615089204}
  m_Enabled: 1
  m_EditorHideFlags: 0
  m_Script: {fileID: 11500000, guid: bab7f95e12f1825458c60c5bcaad0cc9, type: 3}
  m_Name: 
  m_EditorClassIdentifier: 
  value: {fileID: 11400000, guid: c522e6b9dbbf3dd4c8eef91fc3f212b8, type: 2}
--- !u!114 &1615089229
MonoBehaviour:
  m_ObjectHideFlags: 0
  m_PrefabParentObject: {fileID: 0}
  m_PrefabInternal: {fileID: 0}
  m_GameObject: {fileID: 1615089204}
  m_Enabled: 1
  m_EditorHideFlags: 0
  m_Script: {fileID: 11500000, guid: d57c49a4e8a01514b928301292f3d12c, type: 3}
  m_Name: 
  m_EditorClassIdentifier: 
  activeUnitStates: []
  unit: {fileID: 1615089221}
  unitStateProperty: {fileID: 1615089228}
  meleeBehaviour: {fileID: 0}
  rangedBehaviour: {fileID: 0}
  walkBehaviour: {fileID: 1615089219}
  moveProp: {fileID: 1615089214}
  navAgent: {fileID: 1615089205}
  timeToFlee: 5
  timeRemainingToFlee: 0
  shouldFleeOnHit: 1
  runTo: {x: 0, y: 0, z: 0}
--- !u!1 &1650821231
GameObject:
  m_ObjectHideFlags: 0
  m_PrefabParentObject: {fileID: 1153441229299466, guid: c02ac80dce9cc1e498fad0fb4864ba02,
    type: 2}
  m_PrefabInternal: {fileID: 0}
  serializedVersion: 5
  m_Component:
  - component: {fileID: 1650821232}
  - component: {fileID: 1650821234}
  - component: {fileID: 1650821233}
  m_Layer: 0
  m_Name: Eye
  m_TagString: Untagged
  m_Icon: {fileID: 0}
  m_NavMeshLayer: 0
  m_StaticEditorFlags: 0
  m_IsActive: 1
--- !u!4 &1650821232
Transform:
  m_ObjectHideFlags: 0
  m_PrefabParentObject: {fileID: 4466014905415326, guid: c02ac80dce9cc1e498fad0fb4864ba02,
    type: 2}
  m_PrefabInternal: {fileID: 0}
  m_GameObject: {fileID: 1650821231}
  m_LocalRotation: {x: -0, y: -0, z: -0, w: 1}
  m_LocalPosition: {x: 0.24, y: 0.64, z: 0.45}
  m_LocalScale: {x: 0.3, y: 0.3, z: 0.3}
  m_Children: []
  m_Father: {fileID: 1186291303}
  m_RootOrder: 2
  m_LocalEulerAnglesHint: {x: 0, y: 0, z: 0}
--- !u!23 &1650821233
MeshRenderer:
  m_ObjectHideFlags: 0
  m_PrefabParentObject: {fileID: 23984961892325392, guid: c02ac80dce9cc1e498fad0fb4864ba02,
    type: 2}
  m_PrefabInternal: {fileID: 0}
  m_GameObject: {fileID: 1650821231}
  m_Enabled: 1
  m_CastShadows: 1
  m_ReceiveShadows: 1
  m_DynamicOccludee: 1
  m_MotionVectors: 1
  m_LightProbeUsage: 1
  m_ReflectionProbeUsage: 1
  m_Materials:
  - {fileID: 2100000, guid: 3e68924c7a60ee7498823cf07ccb1a26, type: 2}
  m_StaticBatchInfo:
    firstSubMesh: 0
    subMeshCount: 0
  m_StaticBatchRoot: {fileID: 0}
  m_ProbeAnchor: {fileID: 0}
  m_LightProbeVolumeOverride: {fileID: 0}
  m_ScaleInLightmap: 1
  m_PreserveUVs: 1
  m_IgnoreNormalsForChartDetection: 0
  m_ImportantGI: 0
  m_StitchLightmapSeams: 0
  m_SelectedEditorRenderState: 3
  m_MinimumChartSize: 4
  m_AutoUVMaxDistance: 0.5
  m_AutoUVMaxAngle: 89
  m_LightmapParameters: {fileID: 0}
  m_SortingLayerID: 0
  m_SortingLayer: 0
  m_SortingOrder: 0
--- !u!33 &1650821234
MeshFilter:
  m_ObjectHideFlags: 0
  m_PrefabParentObject: {fileID: 33751942105058332, guid: c02ac80dce9cc1e498fad0fb4864ba02,
    type: 2}
  m_PrefabInternal: {fileID: 0}
  m_GameObject: {fileID: 1650821231}
  m_Mesh: {fileID: 10207, guid: 0000000000000000e000000000000000, type: 0}
--- !u!1001 &1755313717
Prefab:
  m_ObjectHideFlags: 0
  serializedVersion: 2
  m_Modification:
    m_TransformParent: {fileID: 0}
    m_Modifications:
    - target: {fileID: 4213346383342810, guid: 742fe646ce86b3147a3dd5b12bbfa7ef, type: 2}
      propertyPath: m_LocalPosition.x
      value: 0
      objectReference: {fileID: 0}
    - target: {fileID: 4213346383342810, guid: 742fe646ce86b3147a3dd5b12bbfa7ef, type: 2}
      propertyPath: m_LocalPosition.y
      value: 0
      objectReference: {fileID: 0}
    - target: {fileID: 4213346383342810, guid: 742fe646ce86b3147a3dd5b12bbfa7ef, type: 2}
      propertyPath: m_LocalPosition.z
      value: 0
      objectReference: {fileID: 0}
    - target: {fileID: 4213346383342810, guid: 742fe646ce86b3147a3dd5b12bbfa7ef, type: 2}
      propertyPath: m_LocalRotation.x
      value: 0
      objectReference: {fileID: 0}
    - target: {fileID: 4213346383342810, guid: 742fe646ce86b3147a3dd5b12bbfa7ef, type: 2}
      propertyPath: m_LocalRotation.y
      value: 0
      objectReference: {fileID: 0}
    - target: {fileID: 4213346383342810, guid: 742fe646ce86b3147a3dd5b12bbfa7ef, type: 2}
      propertyPath: m_LocalRotation.z
      value: 0
      objectReference: {fileID: 0}
    - target: {fileID: 4213346383342810, guid: 742fe646ce86b3147a3dd5b12bbfa7ef, type: 2}
      propertyPath: m_LocalRotation.w
      value: 1
      objectReference: {fileID: 0}
    - target: {fileID: 4213346383342810, guid: 742fe646ce86b3147a3dd5b12bbfa7ef, type: 2}
      propertyPath: m_RootOrder
      value: 5
      objectReference: {fileID: 0}
    m_RemovedComponents: []
  m_ParentPrefab: {fileID: 100100000, guid: 742fe646ce86b3147a3dd5b12bbfa7ef, type: 2}
  m_IsPrefabParent: 0
--- !u!1 &1832603386
GameObject:
  m_ObjectHideFlags: 0
  m_PrefabParentObject: {fileID: 1843495915204024, guid: 3b8c7f55ed1490945af66f3eadf24039,
    type: 2}
  m_PrefabInternal: {fileID: 0}
  serializedVersion: 5
  m_Component:
  - component: {fileID: 1832603387}
  - component: {fileID: 1832603390}
  - component: {fileID: 1832603389}
  - component: {fileID: 1832603388}
  m_Layer: 0
  m_Name: HP_bar_green
  m_TagString: Untagged
  m_Icon: {fileID: 0}
  m_NavMeshLayer: 0
  m_StaticEditorFlags: 0
  m_IsActive: 1
--- !u!224 &1832603387
RectTransform:
  m_ObjectHideFlags: 0
  m_PrefabParentObject: {fileID: 224974586136691322, guid: 3b8c7f55ed1490945af66f3eadf24039,
    type: 2}
  m_PrefabInternal: {fileID: 0}
  m_GameObject: {fileID: 1832603386}
  m_LocalRotation: {x: -0, y: -0, z: -0, w: 1}
  m_LocalPosition: {x: 0, y: 0, z: 0}
  m_LocalScale: {x: 3, y: 3, z: 1}
  m_Children: []
  m_Father: {fileID: 1992065968}
  m_RootOrder: 1
  m_LocalEulerAnglesHint: {x: 0, y: 0, z: 0}
  m_AnchorMin: {x: 0, y: 0}
  m_AnchorMax: {x: 1, y: 1}
  m_AnchoredPosition: {x: 0, y: 0}
  m_SizeDelta: {x: 0, y: 0}
  m_Pivot: {x: 0.5, y: 0.5}
--- !u!114 &1832603388
MonoBehaviour:
  m_ObjectHideFlags: 0
  m_PrefabParentObject: {fileID: 114662931430661206, guid: 3b8c7f55ed1490945af66f3eadf24039,
    type: 2}
  m_PrefabInternal: {fileID: 0}
  m_GameObject: {fileID: 1832603386}
  m_Enabled: 1
  m_EditorHideFlags: 0
  m_Script: {fileID: -900027084, guid: f70555f144d8491a825f0804e09c671c, type: 3}
  m_Name: 
  m_EditorClassIdentifier: 
  m_EffectColor: {r: 0, g: 0, b: 0, a: 1}
  m_EffectDistance: {x: 0.1, y: 0.1}
  m_UseGraphicAlpha: 0
--- !u!114 &1832603389
MonoBehaviour:
  m_ObjectHideFlags: 0
  m_PrefabParentObject: {fileID: 114098101802569390, guid: 3b8c7f55ed1490945af66f3eadf24039,
    type: 2}
  m_PrefabInternal: {fileID: 0}
  m_GameObject: {fileID: 1832603386}
  m_Enabled: 1
  m_EditorHideFlags: 0
  m_Script: {fileID: -765806418, guid: f5f67c52d1564df4a8936ccd202a3bd8, type: 3}
  m_Name: 
  m_EditorClassIdentifier: 
  m_Material: {fileID: 0}
  m_Color: {r: 0, g: 1, b: 0.048275948, a: 1}
  m_RaycastTarget: 0
  m_OnCullStateChanged:
    m_PersistentCalls:
      m_Calls: []
    m_TypeName: UnityEngine.UI.MaskableGraphic+CullStateChangedEvent, UnityEngine.UI,
      Version=1.0.0.0, Culture=neutral, PublicKeyToken=null
  m_Sprite: {fileID: 21300000, guid: 298d3dc7d7c1034459fa20ef37ccfc1d, type: 3}
  m_Type: 3
  m_PreserveAspect: 0
  m_FillCenter: 1
  m_FillMethod: 0
  m_FillAmount: 0.5
  m_FillClockwise: 1
  m_FillOrigin: 0
--- !u!222 &1832603390
CanvasRenderer:
  m_ObjectHideFlags: 0
  m_PrefabParentObject: {fileID: 222017633644610508, guid: 3b8c7f55ed1490945af66f3eadf24039,
    type: 2}
  m_PrefabInternal: {fileID: 0}
  m_GameObject: {fileID: 1832603386}
--- !u!1 &1903059107
GameObject:
  m_ObjectHideFlags: 0
  m_PrefabParentObject: {fileID: 0}
  m_PrefabInternal: {fileID: 0}
  serializedVersion: 5
  m_Component:
  - component: {fileID: 1903059111}
  - component: {fileID: 1903059110}
  - component: {fileID: 1903059109}
  - component: {fileID: 1903059108}
  m_Layer: 0
  m_Name: Main Camera
  m_TagString: MainCamera
  m_Icon: {fileID: 0}
  m_NavMeshLayer: 0
  m_StaticEditorFlags: 0
  m_IsActive: 1
--- !u!81 &1903059108
AudioListener:
  m_ObjectHideFlags: 0
  m_PrefabParentObject: {fileID: 0}
  m_PrefabInternal: {fileID: 0}
  m_GameObject: {fileID: 1903059107}
  m_Enabled: 1
--- !u!124 &1903059109
Behaviour:
  m_ObjectHideFlags: 0
  m_PrefabParentObject: {fileID: 0}
  m_PrefabInternal: {fileID: 0}
  m_GameObject: {fileID: 1903059107}
  m_Enabled: 1
--- !u!20 &1903059110
Camera:
  m_ObjectHideFlags: 0
  m_PrefabParentObject: {fileID: 0}
  m_PrefabInternal: {fileID: 0}
  m_GameObject: {fileID: 1903059107}
  m_Enabled: 1
  serializedVersion: 2
  m_ClearFlags: 1
  m_BackGroundColor: {r: 0.19215687, g: 0.3019608, b: 0.4745098, a: 0}
  m_NormalizedViewPortRect:
    serializedVersion: 2
    x: 0
    y: 0
    width: 1
    height: 1
  near clip plane: 0.3
  far clip plane: 1000
  field of view: 60
  orthographic: 0
  orthographic size: 5
  m_Depth: -1
  m_CullingMask:
    serializedVersion: 2
    m_Bits: 4294967295
  m_RenderingPath: -1
  m_TargetTexture: {fileID: 0}
  m_TargetDisplay: 0
  m_TargetEye: 3
  m_HDR: 1
  m_AllowMSAA: 1
  m_AllowDynamicResolution: 0
  m_ForceIntoRT: 0
  m_OcclusionCulling: 1
  m_StereoConvergence: 10
  m_StereoSeparation: 0.022
--- !u!4 &1903059111
Transform:
  m_ObjectHideFlags: 0
  m_PrefabParentObject: {fileID: 0}
  m_PrefabInternal: {fileID: 0}
  m_GameObject: {fileID: 1903059107}
  m_LocalRotation: {x: -0.06165901, y: 0.5957165, z: -0.045942493, w: -0.7995058}
  m_LocalPosition: {x: 10.88, y: 2.39, z: 0.27}
  m_LocalScale: {x: 1, y: 1, z: 1}
  m_Children: []
  m_Father: {fileID: 0}
  m_RootOrder: 3
  m_LocalEulerAnglesHint: {x: 8.82, y: 286.62, z: 0}
--- !u!1 &1938794654
GameObject:
  m_ObjectHideFlags: 0
  m_PrefabParentObject: {fileID: 1551214436768528, guid: c02ac80dce9cc1e498fad0fb4864ba02,
    type: 2}
  m_PrefabInternal: {fileID: 0}
  serializedVersion: 5
  m_Component:
  - component: {fileID: 1938794655}
  - component: {fileID: 1938794658}
  - component: {fileID: 1938794657}
  - component: {fileID: 1938794656}
  m_Layer: 0
  m_Name: HP_bar_red
  m_TagString: Untagged
  m_Icon: {fileID: 0}
  m_NavMeshLayer: 0
  m_StaticEditorFlags: 0
  m_IsActive: 1
--- !u!224 &1938794655
RectTransform:
  m_ObjectHideFlags: 0
  m_PrefabParentObject: {fileID: 224767521662925006, guid: c02ac80dce9cc1e498fad0fb4864ba02,
    type: 2}
  m_PrefabInternal: {fileID: 0}
  m_GameObject: {fileID: 1938794654}
  m_LocalRotation: {x: -0, y: -0, z: -0, w: 1}
  m_LocalPosition: {x: 0, y: 0, z: 0}
  m_LocalScale: {x: 3, y: 3, z: 1}
  m_Children: []
  m_Father: {fileID: 2004029744}
  m_RootOrder: 0
  m_LocalEulerAnglesHint: {x: 0, y: 0, z: 0}
  m_AnchorMin: {x: 0, y: 0}
  m_AnchorMax: {x: 1, y: 1}
  m_AnchoredPosition: {x: 0, y: 0}
  m_SizeDelta: {x: 0, y: 0}
  m_Pivot: {x: 0.5, y: 0.5}
--- !u!114 &1938794656
MonoBehaviour:
  m_ObjectHideFlags: 0
  m_PrefabParentObject: {fileID: 114186825594723482, guid: c02ac80dce9cc1e498fad0fb4864ba02,
    type: 2}
  m_PrefabInternal: {fileID: 0}
  m_GameObject: {fileID: 1938794654}
  m_Enabled: 1
  m_EditorHideFlags: 0
  m_Script: {fileID: -900027084, guid: f70555f144d8491a825f0804e09c671c, type: 3}
  m_Name: 
  m_EditorClassIdentifier: 
  m_EffectColor: {r: 0, g: 0, b: 0, a: 1}
  m_EffectDistance: {x: 0.1, y: 0.1}
  m_UseGraphicAlpha: 0
--- !u!114 &1938794657
MonoBehaviour:
  m_ObjectHideFlags: 0
  m_PrefabParentObject: {fileID: 114137408883461204, guid: c02ac80dce9cc1e498fad0fb4864ba02,
    type: 2}
  m_PrefabInternal: {fileID: 0}
  m_GameObject: {fileID: 1938794654}
  m_Enabled: 1
  m_EditorHideFlags: 0
  m_Script: {fileID: -765806418, guid: f5f67c52d1564df4a8936ccd202a3bd8, type: 3}
  m_Name: 
  m_EditorClassIdentifier: 
  m_Material: {fileID: 0}
  m_Color: {r: 1, g: 0, b: 0, a: 1}
  m_RaycastTarget: 1
  m_OnCullStateChanged:
    m_PersistentCalls:
      m_Calls: []
    m_TypeName: UnityEngine.UI.MaskableGraphic+CullStateChangedEvent, UnityEngine.UI,
      Version=1.0.0.0, Culture=neutral, PublicKeyToken=null
  m_Sprite: {fileID: 21300000, guid: 298d3dc7d7c1034459fa20ef37ccfc1d, type: 3}
  m_Type: 3
  m_PreserveAspect: 0
  m_FillCenter: 1
  m_FillMethod: 0
  m_FillAmount: 1
  m_FillClockwise: 1
  m_FillOrigin: 0
--- !u!222 &1938794658
CanvasRenderer:
  m_ObjectHideFlags: 0
  m_PrefabParentObject: {fileID: 222647208781147692, guid: c02ac80dce9cc1e498fad0fb4864ba02,
    type: 2}
  m_PrefabInternal: {fileID: 0}
  m_GameObject: {fileID: 1938794654}
--- !u!1 &1957018425
GameObject:
  m_ObjectHideFlags: 0
  m_PrefabParentObject: {fileID: 1623198132412178, guid: 3b8c7f55ed1490945af66f3eadf24039,
    type: 2}
  m_PrefabInternal: {fileID: 0}
  serializedVersion: 5
  m_Component:
  - component: {fileID: 1957018428}
  - component: {fileID: 1957018427}
  m_Layer: 0
  m_Name: Staff
  m_TagString: Untagged
  m_Icon: {fileID: 0}
  m_NavMeshLayer: 0
  m_StaticEditorFlags: 0
  m_IsActive: 1
--- !u!65 &1957018427
BoxCollider:
  m_ObjectHideFlags: 0
  m_PrefabParentObject: {fileID: 65084423252639958, guid: 3b8c7f55ed1490945af66f3eadf24039,
    type: 2}
  m_PrefabInternal: {fileID: 0}
  m_GameObject: {fileID: 1957018425}
  m_Material: {fileID: 0}
  m_IsTrigger: 1
  m_Enabled: 1
  serializedVersion: 2
  m_Size: {x: 0.1, y: 0.8, z: 0.1}
  m_Center: {x: 0, y: 0.3, z: 0}
--- !u!4 &1957018428
Transform:
  m_ObjectHideFlags: 0
  m_PrefabParentObject: {fileID: 4954179075388604, guid: 3b8c7f55ed1490945af66f3eadf24039,
    type: 2}
  m_PrefabInternal: {fileID: 0}
  m_GameObject: {fileID: 1957018425}
  m_LocalRotation: {x: 0, y: 0, z: 0, w: 1}
  m_LocalPosition: {x: -0.45, y: 0.14, z: 0.75}
  m_LocalScale: {x: 1, y: 1, z: 1}
  m_Children:
  - {fileID: 1513184501}
  - {fileID: 292129366}
  m_Father: {fileID: 473650054}
  m_RootOrder: 3
  m_LocalEulerAnglesHint: {x: 0, y: 0, z: 0}
--- !u!1 &1992065967
GameObject:
  m_ObjectHideFlags: 0
  m_PrefabParentObject: {fileID: 1003439894396758, guid: 3b8c7f55ed1490945af66f3eadf24039,
    type: 2}
  m_PrefabInternal: {fileID: 0}
  serializedVersion: 5
  m_Component:
  - component: {fileID: 1992065968}
  - component: {fileID: 1992065973}
  - component: {fileID: 1992065972}
  - component: {fileID: 1992065971}
  - component: {fileID: 1992065970}
  - component: {fileID: 1992065969}
  m_Layer: 0
  m_Name: HPBar
  m_TagString: Untagged
  m_Icon: {fileID: 0}
  m_NavMeshLayer: 0
  m_StaticEditorFlags: 0
  m_IsActive: 1
--- !u!224 &1992065968
RectTransform:
  m_ObjectHideFlags: 0
  m_PrefabParentObject: {fileID: 224522505594471168, guid: 3b8c7f55ed1490945af66f3eadf24039,
    type: 2}
  m_PrefabInternal: {fileID: 0}
  m_GameObject: {fileID: 1992065967}
  m_LocalRotation: {x: 0.23695607, y: 0.0059715556, z: 0.0014565056, w: 0.97150093}
  m_LocalPosition: {x: 0, y: 0, z: 0}
  m_LocalScale: {x: 0.03, y: 0.03, z: 0.03}
  m_Children:
  - {fileID: 735748004}
  - {fileID: 1832603387}
  m_Father: {fileID: 1615089224}
  m_RootOrder: 1
  m_LocalEulerAnglesHint: {x: 0, y: 0, z: 0}
  m_AnchorMin: {x: 0.5, y: 0.5}
  m_AnchorMax: {x: 0.5, y: 0.5}
  m_AnchoredPosition: {x: 0, y: 1.5}
  m_SizeDelta: {x: 20, y: 2.5}
  m_Pivot: {x: 0.5, y: 0.5}
--- !u!114 &1992065969
MonoBehaviour:
  m_ObjectHideFlags: 0
  m_PrefabParentObject: {fileID: 114359764549440536, guid: 3b8c7f55ed1490945af66f3eadf24039,
    type: 2}
  m_PrefabInternal: {fileID: 0}
  m_GameObject: {fileID: 1992065967}
  m_Enabled: 1
  m_EditorHideFlags: 0
  m_Script: {fileID: 11500000, guid: 0cef9f906464df748ab38a16e3c87c9c, type: 3}
  m_Name: 
  m_EditorClassIdentifier: 
  myUnit: {fileID: 1615089221}
  myHealthProp: {fileID: 1615089212}
  maxHpProp: {fileID: 1615089211}
  GreenHealthbar: {fileID: 1832603389}
  RedHealthBar: {fileID: 735748006}
--- !u!114 &1992065970
MonoBehaviour:
  m_ObjectHideFlags: 0
  m_PrefabParentObject: {fileID: 114658161338676916, guid: 3b8c7f55ed1490945af66f3eadf24039,
    type: 2}
  m_PrefabInternal: {fileID: 0}
  m_GameObject: {fileID: 1992065967}
  m_Enabled: 1
  m_EditorHideFlags: 0
  m_Script: {fileID: 11500000, guid: 00de32aa575f0aa4a95f8b51d8be985d, type: 3}
  m_Name: 
  m_EditorClassIdentifier: 
  m_Camera: {fileID: 0}
--- !u!114 &1992065971
MonoBehaviour:
  m_ObjectHideFlags: 0
  m_PrefabParentObject: {fileID: 114156998649979862, guid: 3b8c7f55ed1490945af66f3eadf24039,
    type: 2}
  m_PrefabInternal: {fileID: 0}
  m_GameObject: {fileID: 1992065967}
  m_Enabled: 1
  m_EditorHideFlags: 0
  m_Script: {fileID: 1301386320, guid: f5f67c52d1564df4a8936ccd202a3bd8, type: 3}
  m_Name: 
  m_EditorClassIdentifier: 
  m_IgnoreReversedGraphics: 1
  m_BlockingObjects: 0
  m_BlockingMask:
    serializedVersion: 2
    m_Bits: 4294967295
--- !u!114 &1992065972
MonoBehaviour:
  m_ObjectHideFlags: 0
  m_PrefabParentObject: {fileID: 114088742904248244, guid: 3b8c7f55ed1490945af66f3eadf24039,
    type: 2}
  m_PrefabInternal: {fileID: 0}
  m_GameObject: {fileID: 1992065967}
  m_Enabled: 1
  m_EditorHideFlags: 0
  m_Script: {fileID: 1980459831, guid: f5f67c52d1564df4a8936ccd202a3bd8, type: 3}
  m_Name: 
  m_EditorClassIdentifier: 
  m_UiScaleMode: 0
  m_ReferencePixelsPerUnit: 100
  m_ScaleFactor: 1
  m_ReferenceResolution: {x: 800, y: 600}
  m_ScreenMatchMode: 0
  m_MatchWidthOrHeight: 0
  m_PhysicalUnit: 3
  m_FallbackScreenDPI: 96
  m_DefaultSpriteDPI: 96
  m_DynamicPixelsPerUnit: 1
--- !u!223 &1992065973
Canvas:
  m_ObjectHideFlags: 0
  m_PrefabParentObject: {fileID: 223820545868237742, guid: 3b8c7f55ed1490945af66f3eadf24039,
    type: 2}
  m_PrefabInternal: {fileID: 0}
  m_GameObject: {fileID: 1992065967}
  m_Enabled: 1
  serializedVersion: 3
  m_RenderMode: 2
  m_Camera: {fileID: 0}
  m_PlaneDistance: 100
  m_PixelPerfect: 0
  m_ReceivesEvents: 1
  m_OverrideSorting: 0
  m_OverridePixelPerfect: 0
  m_SortingBucketNormalizedSize: 0
  m_AdditionalShaderChannelsFlag: 0
  m_SortingLayerID: 0
  m_SortingOrder: 0
  m_TargetDisplay: 0
--- !u!1 &2004029743
GameObject:
  m_ObjectHideFlags: 0
  m_PrefabParentObject: {fileID: 1500447022973916, guid: c02ac80dce9cc1e498fad0fb4864ba02,
    type: 2}
  m_PrefabInternal: {fileID: 0}
  serializedVersion: 5
  m_Component:
  - component: {fileID: 2004029744}
  - component: {fileID: 2004029749}
  - component: {fileID: 2004029748}
  - component: {fileID: 2004029747}
  - component: {fileID: 2004029746}
  - component: {fileID: 2004029745}
  m_Layer: 0
  m_Name: HPBar
  m_TagString: Untagged
  m_Icon: {fileID: 0}
  m_NavMeshLayer: 0
  m_StaticEditorFlags: 0
  m_IsActive: 1
--- !u!224 &2004029744
RectTransform:
  m_ObjectHideFlags: 0
  m_PrefabParentObject: {fileID: 224973522253290684, guid: c02ac80dce9cc1e498fad0fb4864ba02,
    type: 2}
  m_PrefabInternal: {fileID: 0}
  m_GameObject: {fileID: 2004029743}
  m_LocalRotation: {x: 0.23695607, y: 0.0059715556, z: 0.0014565056, w: 0.97150093}
  m_LocalPosition: {x: 0, y: 0, z: 0}
  m_LocalScale: {x: 0.03, y: 0.03, z: 0.03}
  m_Children:
  - {fileID: 1938794655}
  - {fileID: 397872832}
  m_Father: {fileID: 30668830}
  m_RootOrder: 1
  m_LocalEulerAnglesHint: {x: 0, y: 0, z: 0}
  m_AnchorMin: {x: 0.5, y: 0.5}
  m_AnchorMax: {x: 0.5, y: 0.5}
  m_AnchoredPosition: {x: 0, y: 1.5}
  m_SizeDelta: {x: 20, y: 2.5}
  m_Pivot: {x: 0.5, y: 0.5}
--- !u!114 &2004029745
MonoBehaviour:
  m_ObjectHideFlags: 0
  m_PrefabParentObject: {fileID: 114165270063261378, guid: c02ac80dce9cc1e498fad0fb4864ba02,
    type: 2}
  m_PrefabInternal: {fileID: 0}
  m_GameObject: {fileID: 2004029743}
  m_Enabled: 1
  m_EditorHideFlags: 0
  m_Script: {fileID: 11500000, guid: 0cef9f906464df748ab38a16e3c87c9c, type: 3}
  m_Name: 
  m_EditorClassIdentifier: 
  myUnit: {fileID: 368931160}
  myHealthProp: {fileID: 30668819}
  maxHpProp: {fileID: 30668818}
  GreenHealthbar: {fileID: 397872834}
  RedHealthBar: {fileID: 1938794657}
--- !u!114 &2004029746
MonoBehaviour:
  m_ObjectHideFlags: 0
  m_PrefabParentObject: {fileID: 114871245485999730, guid: c02ac80dce9cc1e498fad0fb4864ba02,
    type: 2}
  m_PrefabInternal: {fileID: 0}
  m_GameObject: {fileID: 2004029743}
  m_Enabled: 1
  m_EditorHideFlags: 0
  m_Script: {fileID: 11500000, guid: 00de32aa575f0aa4a95f8b51d8be985d, type: 3}
  m_Name: 
  m_EditorClassIdentifier: 
  m_Camera: {fileID: 0}
--- !u!114 &2004029747
MonoBehaviour:
  m_ObjectHideFlags: 0
  m_PrefabParentObject: {fileID: 114061432524437464, guid: c02ac80dce9cc1e498fad0fb4864ba02,
    type: 2}
  m_PrefabInternal: {fileID: 0}
  m_GameObject: {fileID: 2004029743}
  m_Enabled: 1
  m_EditorHideFlags: 0
  m_Script: {fileID: 1301386320, guid: f5f67c52d1564df4a8936ccd202a3bd8, type: 3}
  m_Name: 
  m_EditorClassIdentifier: 
  m_IgnoreReversedGraphics: 1
  m_BlockingObjects: 0
  m_BlockingMask:
    serializedVersion: 2
    m_Bits: 4294967295
--- !u!114 &2004029748
MonoBehaviour:
  m_ObjectHideFlags: 0
  m_PrefabParentObject: {fileID: 114393422922647198, guid: c02ac80dce9cc1e498fad0fb4864ba02,
    type: 2}
  m_PrefabInternal: {fileID: 0}
  m_GameObject: {fileID: 2004029743}
  m_Enabled: 1
  m_EditorHideFlags: 0
  m_Script: {fileID: 1980459831, guid: f5f67c52d1564df4a8936ccd202a3bd8, type: 3}
  m_Name: 
  m_EditorClassIdentifier: 
  m_UiScaleMode: 0
  m_ReferencePixelsPerUnit: 100
  m_ScaleFactor: 1
  m_ReferenceResolution: {x: 800, y: 600}
  m_ScreenMatchMode: 0
  m_MatchWidthOrHeight: 0
  m_PhysicalUnit: 3
  m_FallbackScreenDPI: 96
  m_DefaultSpriteDPI: 96
  m_DynamicPixelsPerUnit: 1
--- !u!223 &2004029749
Canvas:
  m_ObjectHideFlags: 0
  m_PrefabParentObject: {fileID: 223858419508223014, guid: c02ac80dce9cc1e498fad0fb4864ba02,
    type: 2}
  m_PrefabInternal: {fileID: 0}
  m_GameObject: {fileID: 2004029743}
  m_Enabled: 1
  serializedVersion: 3
  m_RenderMode: 2
  m_Camera: {fileID: 0}
  m_PlaneDistance: 100
  m_PixelPerfect: 0
  m_ReceivesEvents: 1
  m_OverrideSorting: 0
  m_OverridePixelPerfect: 0
  m_SortingBucketNormalizedSize: 0
  m_AdditionalShaderChannelsFlag: 0
  m_SortingLayerID: 0
  m_SortingOrder: 0
  m_TargetDisplay: 0
--- !u!1 &2065512916
GameObject:
  m_ObjectHideFlags: 0
  m_PrefabParentObject: {fileID: 1072260491449930, guid: c02ac80dce9cc1e498fad0fb4864ba02,
    type: 2}
  m_PrefabInternal: {fileID: 0}
  serializedVersion: 5
  m_Component:
  - component: {fileID: 2065512917}
  - component: {fileID: 2065512919}
  - component: {fileID: 2065512918}
  m_Layer: 0
  m_Name: Cube (1)
  m_TagString: Untagged
  m_Icon: {fileID: 0}
  m_NavMeshLayer: 0
  m_StaticEditorFlags: 0
  m_IsActive: 1
--- !u!4 &2065512917
Transform:
  m_ObjectHideFlags: 0
  m_PrefabParentObject: {fileID: 4754852039535474, guid: c02ac80dce9cc1e498fad0fb4864ba02,
    type: 2}
  m_PrefabInternal: {fileID: 0}
  m_GameObject: {fileID: 2065512916}
  m_LocalRotation: {x: 0, y: 0, z: 0, w: 1}
  m_LocalPosition: {x: -0.00000023842, y: -0.00000065565, z: 0.0000040531}
  m_LocalScale: {x: 0.16306546, y: 0.054355152, z: 0.16306546}
  m_Children: []
  m_Father: {fileID: 1129778854}
  m_RootOrder: 0
  m_LocalEulerAnglesHint: {x: 0, y: 0, z: 0}
--- !u!23 &2065512918
MeshRenderer:
  m_ObjectHideFlags: 0
  m_PrefabParentObject: {fileID: 23029229827656640, guid: c02ac80dce9cc1e498fad0fb4864ba02,
    type: 2}
  m_PrefabInternal: {fileID: 0}
  m_GameObject: {fileID: 2065512916}
  m_Enabled: 1
  m_CastShadows: 1
  m_ReceiveShadows: 1
  m_DynamicOccludee: 1
  m_MotionVectors: 1
  m_LightProbeUsage: 1
  m_ReflectionProbeUsage: 1
  m_Materials:
  - {fileID: 2100000, guid: f2701c710ea06a94a8aebc9333dcce65, type: 2}
  m_StaticBatchInfo:
    firstSubMesh: 0
    subMeshCount: 0
  m_StaticBatchRoot: {fileID: 0}
  m_ProbeAnchor: {fileID: 0}
  m_LightProbeVolumeOverride: {fileID: 0}
  m_ScaleInLightmap: 1
  m_PreserveUVs: 1
  m_IgnoreNormalsForChartDetection: 0
  m_ImportantGI: 0
  m_StitchLightmapSeams: 0
  m_SelectedEditorRenderState: 3
  m_MinimumChartSize: 4
  m_AutoUVMaxDistance: 0.5
  m_AutoUVMaxAngle: 89
  m_LightmapParameters: {fileID: 0}
  m_SortingLayerID: 0
  m_SortingLayer: 0
  m_SortingOrder: 0
--- !u!33 &2065512919
MeshFilter:
  m_ObjectHideFlags: 0
  m_PrefabParentObject: {fileID: 33365725643502718, guid: c02ac80dce9cc1e498fad0fb4864ba02,
    type: 2}
  m_PrefabInternal: {fileID: 0}
  m_GameObject: {fileID: 2065512916}
  m_Mesh: {fileID: 10202, guid: 0000000000000000e000000000000000, type: 0}
--- !u!1 &2099158497
GameObject:
  m_ObjectHideFlags: 0
  m_PrefabParentObject: {fileID: 1843495915204024, guid: 3b8c7f55ed1490945af66f3eadf24039,
    type: 2}
  m_PrefabInternal: {fileID: 0}
  serializedVersion: 5
  m_Component:
  - component: {fileID: 2099158498}
  - component: {fileID: 2099158501}
  - component: {fileID: 2099158500}
  - component: {fileID: 2099158499}
  m_Layer: 0
  m_Name: HP_bar_dark_blue
  m_TagString: Untagged
  m_Icon: {fileID: 0}
  m_NavMeshLayer: 0
  m_StaticEditorFlags: 0
  m_IsActive: 1
--- !u!224 &2099158498
RectTransform:
  m_ObjectHideFlags: 0
  m_PrefabParentObject: {fileID: 224974586136691322, guid: 3b8c7f55ed1490945af66f3eadf24039,
    type: 2}
  m_PrefabInternal: {fileID: 0}
  m_GameObject: {fileID: 2099158497}
  m_LocalRotation: {x: -0, y: -0, z: -0, w: 1}
  m_LocalPosition: {x: 0, y: 0, z: 0}
  m_LocalScale: {x: 3, y: 3, z: 1}
  m_Children: []
  m_Father: {fileID: 533960416}
  m_RootOrder: 1
  m_LocalEulerAnglesHint: {x: 0, y: 0, z: 0}
  m_AnchorMin: {x: 0, y: 0}
  m_AnchorMax: {x: 1, y: 1}
  m_AnchoredPosition: {x: 0, y: 0}
  m_SizeDelta: {x: 0, y: 0}
  m_Pivot: {x: 0.5, y: 0.5}
--- !u!114 &2099158499
MonoBehaviour:
  m_ObjectHideFlags: 0
  m_PrefabParentObject: {fileID: 114662931430661206, guid: 3b8c7f55ed1490945af66f3eadf24039,
    type: 2}
  m_PrefabInternal: {fileID: 0}
  m_GameObject: {fileID: 2099158497}
  m_Enabled: 1
  m_EditorHideFlags: 0
  m_Script: {fileID: -900027084, guid: f70555f144d8491a825f0804e09c671c, type: 3}
  m_Name: 
  m_EditorClassIdentifier: 
  m_EffectColor: {r: 0, g: 0, b: 0, a: 1}
  m_EffectDistance: {x: 0.1, y: 0.1}
  m_UseGraphicAlpha: 0
--- !u!114 &2099158500
MonoBehaviour:
  m_ObjectHideFlags: 0
  m_PrefabParentObject: {fileID: 114098101802569390, guid: 3b8c7f55ed1490945af66f3eadf24039,
    type: 2}
  m_PrefabInternal: {fileID: 0}
  m_GameObject: {fileID: 2099158497}
  m_Enabled: 1
  m_EditorHideFlags: 0
  m_Script: {fileID: -765806418, guid: f5f67c52d1564df4a8936ccd202a3bd8, type: 3}
  m_Name: 
  m_EditorClassIdentifier: 
  m_Material: {fileID: 0}
  m_Color: {r: 0.25856385, g: 0.0989403, b: 0.89705884, a: 1}
  m_RaycastTarget: 0
  m_OnCullStateChanged:
    m_PersistentCalls:
      m_Calls: []
    m_TypeName: UnityEngine.UI.MaskableGraphic+CullStateChangedEvent, UnityEngine.UI,
      Version=1.0.0.0, Culture=neutral, PublicKeyToken=null
  m_Sprite: {fileID: 21300000, guid: 298d3dc7d7c1034459fa20ef37ccfc1d, type: 3}
  m_Type: 3
  m_PreserveAspect: 0
  m_FillCenter: 1
  m_FillMethod: 0
  m_FillAmount: 0.5
  m_FillClockwise: 1
  m_FillOrigin: 0
--- !u!222 &2099158501
CanvasRenderer:
  m_ObjectHideFlags: 0
  m_PrefabParentObject: {fileID: 222017633644610508, guid: 3b8c7f55ed1490945af66f3eadf24039,
    type: 2}
  m_PrefabInternal: {fileID: 0}
  m_GameObject: {fileID: 2099158497}
